1386444921,719.01,0.2194622
1386444921,719.01,0.81784216
1386444921,718.42,0.83333332
1386444921,713.00,5.0
1386444921,712.00,0.2
1386444922,710.50,0.13287002
1386444922,710.50,0.3
1386444948,718.99,0.89353433
1386444948,719.00,5.0
1386444948,719.00,4.10646567
1386444948,710.50,0.02712998
1386444948,705.01,0.81199915
1386444948,705.00,2.76087087
1386444967,705.01,0.80966427
1386444967,705.00,0.19033573
1386444969,705.00,4.2682556
1386444970,705.00,1.5305378
1386444970,705.00,0.1
1386444970,705.00,4.1012066
1386444978,705.01,0.80601359
1386444978,705.00,2.79398641
1386444978,705.00,0.70601359
1386444978,705.00,9.29398641
1386444987,705.10,3.5
1386444988,705.00,1.48
1386444988,705.00,0.27
1386444988,705.00,18.10480699
1386444988,704.43,0.83333332
1386444988,702.70,0.67032119
1386444998,705.10,0.5
1386444998,702.70,4.32967881
1386444998,701.01,0.83333332
1386444999,701.00,0.1315
1386444999,701.00,0.4
1386445002,705.00,0.4
1386445011,700.36,5.0
1386445011,700.00,1.3805
1386445012,700.00,1.0
1386445012,700.00,3.6964231
1386445022,704.00,0.01
1386445032,703.99,0.01
1386445034,703.99,3.32073819
1386445034,704.00,1.67926181
1386445044,703.99,0.78635148
1386445044,704.00,0.81073819
1386445044,704.56,1.06363004
1386445072,702.12,0.4
1386445072,713.00,0.4
1386445072,713.80,0.8
1386445072,705.01,0.2
1386445085,705.00,0.727924
1386445102,700.00,0.1
1386445102,700.00,5.0
1386445102,700.00,0.05
1386445102,700.00,1.0
1386445103,700.00,0.83333332
1386445103,705.00,2.272076
1386445103,702.00,0.05
1386445103,700.09,5.0
1386445104,700.00,1.29459068
1386445147,704.90,1.8
1386445148,709.99,0.42010824
1386445148,710.00,1.0
1386445148,710.56,0.82990772
1386445148,712.00,1.0
1386445151,705.00,0.05
1386445158,705.00,0.05
1386445167,713.80,2.7
1386445168,715.00,2.0
1386445168,719.00,6.25138513
1386445168,720.00,1.3788434
1386445168,720.00,5.0
1386445168,722.92,5.0
1386445169,723.35,1.0
1386445169,725.00,0.1
1386445170,729.00,4.75
1386445170,729.00,0.4888
1386445192,728.92,5.0
1386445229,723.00,0.1
1386445236,723.00,0.80862127
1386445236,723.00,0.1
1386445237,723.00,3.0
1386445237,723.00,1.19137873
1386445239,723.00,5.0
1386445247,723.00,6.0
1386445247,723.00,0.1
1386445250,723.00,0.83195264
1386445250,723.00,12.76424437
1386445283,715.10,0.82028833
1386445283,715.09,5.0
1386445283,714.52,0.83333332
1386445283,713.50,5.0
1386445284,713.50,4.99637835
1386445312,721.00,0.38613801
1386445339,720.99,0.00362165
1386445342,720.99,1.0
1386445364,720.99,0.47524211
1386445364,720.99,0.65897869
1386445364,721.00,0.34102131
1386445399,719.01,0.80744858
1386445399,719.00,1.8
1386445400,718.42,0.83333332
1386445400,715.66,0.5597071
1386445400,715.66,0.41023673
1386445417,713.50,0.4
1386445417,713.03,0.80870496
1386445418,713.02,1.39129504
1386445521,717.00,1.0
1386445521,716.42,0.83333332
1386445531,718.44,1.0
1386445588,718.97,1.0
1386445601,718.44,0.8
1386445619,718.96,0.1538462
1386445644,713.50,0.2
1386445668,713.50,0.3352
1386445669,713.00,12.94998404
1386445669,712.00,0.005
1386445678,712.99,1.0
1386445698,712.99,1.0
1386445753,712.11,0.80757997
1386445754,712.10,1.0
1386445754,712.00,1.0719231
1386445755,711.43,0.83333332
1386445755,711.00,5.0
1386445755,710.77,0.4888
1386445764,712.20,1.0
1386445765,708.33,5.0
1386445765,706.01,0.82186806
1386445766,706.00,4.17813194
1386445778,712.00,0.1
1386445788,712.00,1.0
1386445790,706.01,0.1
1386445800,706.01,0.02
1386445809,706.01,0.0076923
1386445817,711.99,0.91216583
1386445817,712.00,0.08783417
1386445827,706.01,0.7032653
1386445827,706.00,0.7967347
1386445827,706.00,0.02513336
1386445855,712.00,0.18980337
1386445856,712.00,0.81019663
1386446058,716.85,0.01
1386446077,716.85,0.59112584
1386446077,716.86,1.73862443
1386446077,716.88,0.8246096
1386446077,717.45,0.80710866
1386446077,718.00,1.0
1386446087,718.99,1.75
1386446087,718.99,1.73862443
1386446087,719.00,3.17880047
1386446130,718.99,1.75
1386446130,719.00,5.0
1386446131,719.00,9.01479293
1386446195,719.00,22.0
1386446211,720.00,0.5069428
1386446234,718.90,5.0
1386446246,720.00,1.4130572
1386446304,718.91,1.0
1386446324,723.00,0.02
1386446324,723.99,0.38
1386446358,723.99,1.37
1386446358,724.00,3.6328755
1386446358,727.99,1.75
1386446358,727.99,1.2471245
1386446432,727.99,0.50689993
1386446432,727.99,0.49310007
1386446459,727.99,0.6
1386446462,727.99,2.40689993
1386446463,728.00,2.59310007
1386446475,727.99,1.75
1386446475,728.00,3.25
1386446498,727.00,1.0
1386446509,727.99,1.75
1386446509,728.00,3.25
1386446561,727.00,0.005
1386446564,727.00,0.0633
1386446610,724.02,0.005
1386446613,724.02,0.15
1386446634,726.00,2.0
1386446635,724.02,0.65895937
1386446635,724.01,4.9230769
1386446635,723.43,0.83333332
1386446636,719.00,2.84995801
1386446650,726.00,0.38
1386446650,719.01,0.81183411
1386446650,719.00,0.48816589
1386446688,724.00,0.005
1386446688,719.01,0.15
1386446780,724.99,0.0536
1386446828,727.00,0.02
1386446832,727.89,0.02
1386446853,726.00,0.44
1386446884,726.00,0.13
1386446886,726.00,1.0
1386446913,724.99,0.70614116
1386446923,724.99,0.00385884
1386446978,725.99,0.13242747
1386446979,726.00,3.52944863
1386446998,726.00,0.45267037
1386447054,724.00,2.30912097
1386447054,724.57,0.81780448
1386447054,728.00,2.0
1386447054,728.00,5.90689993
1386447055,728.54,0.4888
1386447055,729.00,1.0
1386447055,729.00,3.11838772
1386447094,728.92,1.0
1386447214,728.88,2.0
1386447301,728.88,0.05
1386447306,728.88,3.95
1386447307,732.00,3.0924348
1386447434,724.24,2.0
1386447434,724.00,1.0
1386447445,724.73,0.81871954
1386447445,724.72,1.0
1386447445,724.14,0.83333332
1386447715,731.99,0.71587244
1386447715,732.00,1.28412756
1386447765,731.99,0.05
1386447796,731.99,0.06331896
1386447830,730.00,0.13668104
1386447882,729.40,0.03
1386447904,729.40,0.03
1386448007,721.21,0.2
1386448010,721.21,0.62610327
1386448010,721.20,2.0
1386448010,720.62,0.83333332
1386448010,717.25,0.82047977
1386448011,715.00,0.39757346
1386448037,728.97,1.39029296
1386448037,728.98,1.75
1386448037,728.99,1.0
1386448037,729.40,11.16556094
1386448066,728.19,0.24742114
1386448066,728.20,2.0
1386448066,728.78,0.81020738
1386448067,729.40,12.77443906
1386448070,728.00,0.82681843
1386448070,728.00,0.17318157
1386448170,730.01,8.0
1386448170,730.59,0.81982534
1386448170,731.99,0.24620713
1386448171,732.00,0.21587244
1386448172,733.00,0.09747809
1386448407,731.85,1.0
1386448445,731.85,1.0
1386448495,731.85,0.5
1386448585,731.85,3.5461354
1386448586,732.75,3.4538646
1386448619,732.75,1.5461354
1386448640,733.00,7.71505631
1386448640,733.00,0.665395
1386448641,733.00,1.0
1386448652,735.01,0.83148316
1386448762,732.00,2.0
1386448762,732.00,0.82041137
1386448762,732.00,0.7350264
1386448763,732.00,0.44456223
1386448795,737.49,0.52418554
1386448795,737.50,0.23562146
1386448831,734.70,0.80652147
1386448841,737.50,4.09163676
1386448841,734.99,2.5
1386448841,734.70,0.82168993
1386448841,734.70,0.00347853
1386448841,737.49,0.10811901
1386448842,734.69,1.67831007
1386448872,735.25,5.0
1386448885,735.00,1.0
1386448888,735.00,0.81
1386448888,737.49,1.35923539
1386448889,737.50,0.83076461
1386448897,737.50,0.84197717
1386448897,738.00,0.65802283
1386448897,738.00,2.0
1386448940,735.01,0.82584577
1386448940,734.90,2.17415423
1386448950,737.80,0.0813
1386448952,737.80,9.9187
1386448952,737.99,0.22284676
1386448953,738.00,19.51987164
1386448953,738.09,0.81597458
1386448983,735.00,8.6061
1386448983,734.90,2.82584577
1386448985,734.69,3.56805423
1386448989,741.00,0.4
1386448999,741.00,0.34544801
1386448999,741.10,1.65455199
1386449026,740.00,0.814801
1386449027,740.00,7.185199
1386449037,735.00,0.83333332
1386449037,740.00,0.66666668
1386449099,735.01,0.81062503
1386449099,735.00,1.36591596
1386449099,734.69,0.32345901
1386449141,734.69,3.0
1386449195,734.69,0.24419391
1386449198,734.69,0.12209696
1386449271,736.00,2.6153846
1386449299,736.00,0.38
1386449317,736.00,0.0046154
1386449317,741.09,1.4150321
1386449317,741.10,1.5803525
1386449327,735.00,0.15
1386449328,734.69,2.03691115
1386449359,741.10,1.07397201
1386449362,741.69,0.82018016
1386449362,744.00,0.08
1386449362,744.00,0.1
1386449362,750.00,0.1
1386449362,751.10,0.14981984
1386449372,751.10,2.0
1386449440,750.00,2.0
1386449440,750.00,0.27
1386449491,749.99,0.75
1386449494,749.99,1.0
1386449494,749.99,1.0
1386449541,749.99,1.75
1386449541,750.00,0.98
1386449541,750.00,0.62338344
1386449541,750.00,20.0
1386449541,750.00,1.0
1386449542,751.00,2.0
1386449556,743.01,0.83109729
1386449556,743.00,0.16890271
1386449566,749.94,0.14315548
1386449577,751.10,0.1
1386449588,751.10,2.5
1386449611,750.01,0.82
1386449611,751.10,0.52
1386449631,751.10,4.75
1386449641,750.00,19.85684452
1386449641,749.99,0.14315548
1386449692,749.99,0.10684452
1386449706,751.09,0.72544465
1386449708,751.10,9.98018016
1386449710,751.70,0.83241722
1386449714,753.49,2.0
1386449718,755.84,0.1
1386449706,751.09,0.72544465
1386449708,751.10,9.98018016
1386449710,751.70,0.83241722
1386449714,753.49,2.0
1386449718,755.84,0.1
1386449758,750.00,10.0
1386449758,750.00,10.0
1386449857,756.01,0.83079077
1386449857,756.00,5.16920923
1386449887,744.01,0.1
1386449922,744.01,0.72290187
1386449922,744.00,0.73757371
1386449922,744.00,1.78557086
1386449922,744.00,5.23729922
1386449922,743.40,0.83333332
1386449923,742.48,0.2521392
1386449923,742.00,2.0
1386449939,743.99,1.49906518
1386449939,744.00,0.50093482
1386449947,744.00,0.49906518
1386449949,744.01,0.5461354
1386449949,744.59,0.81166192
1386449953,740.00,0.25
1386450091,743.53,0.82627433
1386450091,743.52,1.17372567
1386450104,745.00,0.1285
1386450114,745.00,1.7223109
1386450172,749.00,0.241157
1386450182,749.14,0.25705836
1386450182,749.00,0.758843
1386450182,749.14,0.33409864
1386450194,748.00,1.0
1386450194,748.59,0.81342818
1386450194,749.14,0.754906
1386450195,750.00,5.0
1386450198,749.00,0.81137694
1386450198,749.00,2.71077472
1386450201,749.00,0.83333332
1386450214,748.99,0.72501336
1386450214,749.00,0.64451502
1386450214,749.59,0.82514598
1386450225,750.00,0.82055038
1386450225,750.00,1.17944962
1386450229,750.00,3.25
1386450237,750.01,0.1
1386450247,750.01,0.71240252
1386450248,750.00,0.03759748
1386450286,744.01,0.2469231
1386450397,755.99,0.11775792
1386450404,755.99,0.66993967
1386450412,755.99,0.24408802
1386450412,756.00,0.43385155
1386450416,756.00,0.74600869
1386450419,756.00,0.37300435
1386450429,756.00,0.15245315
1386450430,756.00,0.44713541
1386450453,756.00,0.14272592
1386450453,747.51,0.0192307
1386450588,754.00,3.2041397
1386450618,753.00,1.0
1386450618,754.00,0.5
1386450647,754.00,0.1
1386450674,754.00,0.5
1386450696,753.00,2.0
1386450705,750.20,0.0270863
1386450742,750.20,0.78577346
1386450743,750.19,1.0141245
1386450743,750.02,0.20010204
1386450861,744.01,0.8276199
1386451079,745.01,0.82151153
1386451079,745.00,1.75
1386451079,745.00,0.42848847
1386451127,744.00,2.0
1386451127,741.00,0.5
1386451128,740.40,0.83333332
1386451128,740.32,0.1
1386451128,740.00,7.0
1386451128,740.00,1.66666668
1386451149,744.99,0.006
1386451200,740.00,2.03819227
1386451201,740.00,7.96180773
1386451229,740.00,2.0
1386451229,740.00,9.0276923
1386451241,744.99,0.001
1386451241,740.00,0.9723077
1386451241,740.00,1.79344514
1386451281,741.00,0.57151135
1386451281,740.00,8.57808045
1386451320,741.99,0.57151135
1386451371,746.97,0.42848847
1386451432,746.94,0.4
1386451539,744.00,0.7
1386451539,744.00,0.30000036
1386451707,742.00,1.2183
1386451775,737.06,0.82160515
1386451775,737.05,0.41437195
1386451794,737.05,1.33562805
1386451794,737.05,0.66437195
1386451855,740.99,0.03
1386451874,737.00,0.04
1386451888,738.35,0.01
1386451891,738.36,0.01
1386451902,737.00,1.96
1386451903,736.00,3.90476301
1386451916,736.00,0.05
1386451916,738.35,0.02
1386451924,736.00,0.05
1386451924,736.00,0.4
1386451924,736.00,0.59523699
1386451924,735.01,0.83333332
1386451924,735.00,1.57142969
1386451927,735.00,0.05
1386451930,735.00,0.05
1386451941,735.00,5.0
1386451949,735.00,3.37857031
1386451949,734.69,1.62142969
1386451952,734.69,0.03777418
1386451963,734.00,1.75
1386451963,734.00,3.1728257
1386451973,734.00,0.17579147
1386451973,734.00,2.82420853
1386451976,734.00,2.0
1386451984,734.00,0.05
1386451987,734.00,0.31926577
1386451999,733.00,5.0
1386451999,732.05,1.25
1386451999,732.00,2.0
1386452000,731.34,0.3
1386452000,730.00,2.0
1386452034,732.00,1.0
1386452104,732.00,0.05
1386452107,732.00,0.05
1386452121,733.99,2.66792727
1386452121,734.00,2.0
1386452129,734.00,0.20864551
1386452143,734.99,0.45684603
1386452143,735.00,1.12975397
1386452154,734.00,0.05
1386452157,734.00,0.05
1386452160,734.00,0.05
1386452168,734.01,0.05
1386452203,735.00,0.85024603
1386452225,732.01,0.05
1386452414,737.99,0.15278292
1386452414,738.00,0.84721708
1386452638,739.98,0.2767604
1386452638,740.00,0.2
1386452639,740.57,0.82570712
1386452639,744.00,0.54407678
1386452670,744.00,2.4364653
1386452696,744.00,0.01
1386452737,743.90,0.38
1386452783,744.00,0.4
1386452805,745.00,1.98
1386452835,745.00,0.4
1386452949,744.00,0.01
1386453055,745.00,1.27582331
1386453055,745.00,0.67957514
1386453225,741.00,0.8
1386453286,741.00,0.5531
1386453315,741.00,1.0171519
1386453316,744.86,0.0144826
1386453317,745.00,5.62
1386453317,745.00,2.0
1386453409,747.00,0.3
1386453409,748.00,0.06204539
1386453409,749.68,2.07633781
1386453467,744.01,0.81962563
1386453467,744.00,1.18037437
1386453503,744.01,0.83198493
1386453503,744.00,1.16801507
1386453526,744.01,0.81312879
1386453526,743.40,0.18907664
1386453534,741.02,1.0
1386453555,739.99,1.0059
1386453598,736.02,0.8146931
1386453598,736.01,0.1167333
1386453840,738.99,1.37088252
1386453840,739.00,0.12911748
1386453879,738.99,0.24030325
1386453879,739.00,0.25969675
1386454016,737.01,0.80619566
1386454016,737.00,4.1547494
1386454016,736.00,0.731174
1386454017,736.00,0.12010324
1386454017,736.00,0.87989676
1386454017,735.41,0.83333332
1386454017,735.00,0.3
1386454017,735.00,1.7792308
1386454017,735.00,0.1
1386454017,734.00,0.5
1386454024,729.49,0.38
1386454046,729.49,3.02
1386454046,728.90,0.83333332
1386454046,726.75,1.14666668
1386454047,726.75,0.85333332
1386454047,725.00,1.02589748
1386454050,725.00,0.66228289
1386454050,725.00,0.33771711
1386454124,725.00,1.70452286
1386454124,725.00,0.10201044
1386454188,725.00,3.54547714
1386454188,725.00,1.45452286
1386454196,725.00,0.1934667
1386454196,725.00,1.8065333
1386454206,725.00,1.75
1386454206,725.00,0.1934667
1386454206,725.00,0.0565333
1386454242,726.23,0.1
1386454293,725.00,0.1
1386454300,725.00,0.09851736
1386454300,725.00,1.90148264
1386454334,725.00,0.09976
1386454350,725.05,0.25
1386454388,727.96,2.09543393
1386454389,727.97,2.0
1386454399,729.00,0.90456607
1386454400,728.41,0.83333332
1386454400,725.05,0.26210061
1386454410,727.97,0.8240593
1386454410,727.96,1.1759407
1386454424,727.96,0.8240593
1386454424,727.96,0.9130328
1386454446,730.01,0.1
1386454446,730.00,0.1254229
1386454515,729.49,0.0157
1386454550,728.00,0.01
1386454595,728.00,0.35
1386454608,728.00,0.01
1386454641,728.00,0.63
1386454641,728.00,0.0543
1386454677,729.00,1.0
1386454684,728.00,0.0543
1386454796,728.00,0.4344
1386454806,729.50,0.5869672
1386454951,732.99,0.01
1386455024,732.99,0.35180119
1386455024,733.00,1.6525352
1386455024,733.58,0.8250289
1386455292,733.33,1.0
1386455304,733.50,2.0
1386455955,729.01,0.01568116
1386456051,728.01,0.81488733
1386456051,728.00,0.727
1386456051,727.41,0.83333332
1386456052,725.05,0.48789939
1386456052,725.05,1.0
1386456053,725.00,0.06252289
1386456053,725.00,5.62114696
1386456098,723.51,0.8064858
1386456098,723.50,0.5935142
1386456170,723.51,0.01564505
1386456472,729.99,1.4
1386456481,730.00,0.00875
1386456570,724.01,0.27
1386456637,724.11,0.81256868
1386456637,724.00,5.18743132
1386456756,724.01,0.83017018
1386456766,724.01,0.82842941
1386456831,724.01,0.34
1386456834,724.01,0.00140041
1386456875,725.60,0.5
1386456886,727.05,0.099
1386456924,727.05,2.0
1386456933,727.05,0.75
1386456967,725.60,0.19859959
1386456967,724.10,2.0
1386456968,724.00,20.19366868
1386457038,723.30,0.75
1386457043,723.30,2.0
1386457052,724.00,0.0157
1386457052,723.30,12.4037
1386457053,722.85,4.6117
1386457053,721.50,2.5
1386457053,721.31,7.56
1386457055,720.00,0.0285
1386457055,720.00,2.0
1386457055,720.00,2.9715
1386457063,720.00,2.0285
1386457082,718.00,2.0
1386457082,717.01,0.81003756
1386457082,717.00,1.0
1386457082,716.46,0.83333332
1386457082,716.45,0.35662912
1386457084,716.45,3.14337088
1386457084,716.21,1.85662912
1386457093,716.21,3.14337088
1386457093,716.00,2.0
1386457093,715.63,0.83333332
1386457093,715.00,0.1
1386457093,715.00,0.1
1386457094,715.00,0.1
1386457094,713.10,0.1
1386457095,712.00,2.0
1386457111,711.00,0.7
1386457122,711.00,1.3
1386457122,710.65,3.5
1386457122,710.33,0.4888
1386457122,710.00,1.9
1386457123,710.00,0.5
1386457127,706.01,0.3346
1386457131,712.00,15.0
1386457132,705.00,0.5
1386457132,705.00,1.85193863
1386457142,705.00,3.64806137
1386457143,703.74,1.36503253
1386457143,703.74,2.13496747
1386457146,703.17,2.0
1386457167,701.32,0.1
1386457167,700.00,0.1
1386457168,700.00,5.00898622
1386457168,700.00,3.62
1386457168,700.00,0.05
1386457169,700.00,0.1
1386457169,700.00,0.5
1386457190,700.00,3.0
1386457193,709.99,0.4888523
1386457193,700.00,0.5111477
1386457204,701.00,0.3
1386457204,701.00,2.78
1386457212,704.00,5.42
1386457212,701.00,1.75
1386457212,701.00,12.83
1386457221,704.00,0.01
1386457221,701.00,0.99
1386457222,701.00,3.0
1386457240,703.99,0.5
1386457257,700.00,1.75
1386457257,700.00,5.8888523
1386457257,699.00,1.7197673
1386457258,700.00,0.2
1386457258,700.00,1.8
1386457261,699.00,8.2802327
1386457261,699.00,0.05
1386457271,698.00,0.0900943
1386457272,698.00,15.0
1386457281,700.00,13.2
1386457284,703.99,1.0
1386457293,701.00,1.8
1386457300,701.00,6.79835451
1386457300,698.00,3.0700824
1386457300,698.00,0.01
1386457301,698.00,5.0199176
1386457310,700.43,0.83333332
1386457310,698.00,4.9800824
1386457311,695.21,5.0
1386457312,695.00,10.0
1386457322,694.00,2.0
1386457322,690.01,0.6059601
1386457322,690.00,0.1
1386457323,690.00,3.5077
1386457323,690.00,1.92
1386457323,690.00,0.5312
1386457323,689.44,0.83333332
1386457326,688.01,0.03
1386457326,688.01,0.02
1386457327,685.21,4.0
1386457327,685.00,3.883977
1386457337,694.99,2.0
1386457337,694.99,0.37214274
1386457337,695.00,9.08658428
1386457337,695.55,0.81489208
1386457337,701.00,4.7263809
1386457337,690.00,9.0
1386457340,690.00,1.0
1386457360,685.21,0.02
1386457360,685.00,1.75
1386457360,685.00,0.23
1386457378,685.00,1.75
1386457378,685.00,1.333423
1386457386,685.00,1.75
1386457386,685.00,2.85328357
1386457401,689.00,1.0
1386457411,689.00,0.7
1386457411,689.00,3.3
1386457412,688.44,0.83333332
1386457422,690.00,0.91020381
1386457423,690.00,9.08979619
1386457442,689.99,0.85822823
1386457442,690.00,8.16555021
1386457443,690.55,0.81863152
1386457445,685.99,5.0
1386457445,685.44,0.83333332
1386457445,685.00,0.02
1386457465,693.00,0.02
1386457482,691.01,0.82304877
1386457483,691.00,1.01581827
1386457484,690.44,0.83333332
1386457485,689.00,1.89955752
1386457497,692.00,0.3
1386457523,693.00,0.68
1386457535,693.00,0.45
1386457565,692.00,0.01
1386457565,692.00,4.7
1386457566,691.44,0.83333332
1386457566,689.10,2.14671643
1386457566,689.00,1.83150125
1386457569,696.99,1.51791954
1386457570,697.00,2.48208046
1386457577,697.00,0.01
1386457579,695.00,1.0
1386457579,689.01,0.83333332
1386457579,689.00,0.16666668
1386457606,695.00,1.0
1386457606,695.55,0.83142772
1386457633,689.99,0.1
1386457636,689.99,0.01
1386457639,689.99,0.6221
1386457640,689.00,0.01
1386457673,689.99,0.21708375
1386457673,690.00,7.78291625
1386457684,689.00,2.47515935
1386457685,688.99,0.2
1386457685,688.44,0.83333332
1386457685,686.00,1.18381503
1386457693,696.78,0.15392082
1386457693,696.79,3.5
1386457693,696.79,1.75
1386457693,696.79,1.65149047
1386457693,696.80,8.94458871
1386457694,696.80,4.0
1386457705,695.00,0.3
1386457705,690.00,0.1
1386457706,690.00,0.3027146
1386457708,690.00,0.0272854
1386457708,689.99,4.02
1386457708,689.44,0.83333332
1386457708,688.99,0.02
1386457708,686.01,0.83147067
1386457708,686.00,5.42175681
1386457716,690.01,0.80581692
1386457725,686.01,0.81322585
1386457725,686.00,2.53619993
1386457726,685.99,0.02
1386457736,690.00,2.0
1386457762,689.99,0.02
1386457797,688.50,0.1
1386457797,689.84,0.9
1386457861,689.80,0.07
1386457873,688.50,0.02
1386457878,689.80,0.01
1386457884,692.00,0.81605094
1386457884,692.00,0.58394906
1386457926,696.22,1.0
1386457978,694.22,0.01568116
1386457981,696.21,0.1
1386457993,696.80,10.73253209
1386457994,697.00,17.29880384
1386457995,697.00,5.50605094
1386457996,697.00,2.0
1386458022,697.00,14.46261313
1386458032,696.99,0.1
1386458042,696.98,3.4
1386458042,697.00,5.53738687
1386458042,697.55,0.82944356
1386458043,697.99,0.23316957
1386458046,697.99,1.5716012
1386458046,698.00,8.4615385
1386458046,698.92,6.71005671
1386458046,699.00,30.0
1386458046,700.00,1.25
1386458046,700.00,2.00680359
1386458047,700.00,2.99319641
1386458049,696.21,0.01
1386458057,696.21,0.06
1386458057,696.21,0.83333332
1386458058,696.21,0.01
1386458058,696.21,2.08666668
1386458058,696.99,1.75
1386458058,700.00,1.0
1386458061,696.21,0.005
1386458069,694.22,0.98431884
1386458069,692.22,1.0
1386458069,691.00,3.0
1386458070,696.25,2.17013691
1386458097,686.00,1.0
1386458098,690.00,0.3927943
1386458099,684.01,0.83164993
1386458099,684.00,2.0
1386458099,683.45,0.83333332
1386458102,685.00,0.30236824
1386458102,685.00,9.69763176
1386458166,690.00,1.42814198
1386458166,690.00,3.57185802
1386458177,690.00,0.01
1386458188,689.99,0.01
1386458230,689.99,0.22318019
1386458231,690.00,4.77681981
1386458233,690.00,0.47348177
1386458234,690.00,1.22651823
1386458238,690.00,0.01
1386458239,686.06,0.82294969
1386458243,686.05,0.5
1386458246,686.05,0.01
1386458246,686.05,0.72780031
1386458255,686.05,0.76219969
1386458285,689.99,0.12909925
1386458312,689.99,0.01
1386458312,689.99,0.87
1386458312,690.00,0.1
1386458313,689.99,0.00090075
1386458372,690.00,0.2
1386458376,690.00,0.05
1386458402,690.00,0.2
1386458412,690.00,0.1
1386458421,690.00,1.29
1386458421,690.00,0.5
1386458447,694.99,1.75
1386458447,695.00,0.527
1386458487,695.00,0.00039726
1386458497,690.01,0.82454322
1386458497,690.00,2.5
1386458506,689.99,0.01
1386458516,689.99,0.01
1386458536,689.99,0.01
1386458544,689.99,0.6608395
1386458544,690.00,9.3391605
1386458554,689.99,0.1318704
1386458558,690.00,1.1107692
1386458580,689.99,0.31
1386458580,690.00,6.83
1386458587,690.00,1.0
1386458597,690.00,0.01
1386458598,690.00,3.0
1386458611,690.00,10.0
1386458627,690.00,30.77870206
1386458646,690.00,0.1
1386458673,690.01,0.82348222
1386458673,690.00,3.17651778
1386458753,696.24,0.8331936
1386458753,696.25,4.1668064
1386458792,696.24,0.69997492
1386458792,696.25,3.66305669
1386458792,697.00,0.05
1386458793,697.00,0.3
1386458793,697.50,5.28696839
1386458803,697.50,9.71303161
1386458803,698.00,9.0
1386458803,699.00,1.59466069
1386458803,699.00,8.40533931
1386458806,700.00,2.1913151
1386458806,700.00,1.0
1386458807,700.00,6.82846977
1386458807,700.00,0.18153023
1386458807,708.00,2.7415384
1386458817,708.00,4.0
1386458819,708.00,4.0
1386458826,708.00,1.00039726
1386458826,708.00,8.25806434
1386458827,710.00,5.0
1386458837,714.00,2.35
1386458838,710.00,5.0
1386458848,714.00,17.602658
1386458848,715.00,0.1
1386458867,715.01,0.81102011
1386458868,715.00,1.53897989
1386458878,723.98,0.10226614
1386458878,723.99,1.75
1386458878,724.00,4.86828096
1386458881,720.01,0.82891924
1386458881,719.42,0.83333332
1386458881,715.00,2.33774744
1386458907,719.97,0.015
1386458907,720.00,0.1
1386458907,720.00,0.1
1386458927,720.00,10.0
1386458937,720.00,0.81469563
1386458937,720.00,7.48530437
1386458939,720.00,4.95416155
1386458957,719.97,0.45614563
1386458958,719.97,0.41346977
1386458959,719.00,0.0151
1386458960,719.98,0.05
1386458979,719.00,0.2852
1386458979,715.00,0.7148
1386459032,715.00,2.0
1386459048,715.00,3.40847267
1386459066,705.00,0.1
1386459113,709.00,2.0
1386459122,709.00,0.09988
1386459131,709.00,0.22388485
1386459184,705.10,0.1
1386459208,708.99,0.01
1386459255,713.97,1.75
1386459255,713.97,0.15
1386459280,714.00,0.1
1386459280,714.14,0.9
1386459364,707.00,0.1
1386459367,705.10,0.9
1386459367,704.53,0.83333332
1386459377,706.99,0.02
1386459393,706.99,0.7918211
1386459722,713.49,1.16568945
1386459722,713.50,2.0
1386459722,714.07,0.82000554
1386459722,714.15,2.5
1386459723,715.00,1.98911353
1386459857,717.00,3.0
1386459883,717.00,1.0
1386459908,718.85,3.0
1386460009,712.37,0.1
1386460011,712.37,0.1
1386460139,718.00,10.0
1386460139,718.85,3.0
1386460169,718.86,0.82
1386460182,718.85,6.8564378
1386460247,713.01,0.83094531
1386460248,713.00,2.8724384
1386460248,712.43,0.83333332
1386460248,712.36,0.46328297
1386460276,712.36,5.0
1386460316,712.36,4.53671703
1386460332,706.00,5.0
1386460332,706.00,1.65008
1386460359,706.00,1.1363442
1386460360,705.02,0.83333332
1386460360,705.00,0.1
1386460360,701.30,0.0597
1386460360,701.14,1.75
1386460360,701.14,1.75
1386460360,701.14,10.0
1386460360,701.10,3.59172218
1386460397,701.50,4.5
1386460398,701.10,6.40827782
1386460399,701.04,10.0
1386460470,699.99,1.0
1386460541,697.50,0.04
1386460554,694.22,0.1
1386460555,692.00,1.75
1386460555,692.00,10.8315
1386460555,691.44,0.83333332
1386460556,690.01,0.01
1386460556,690.00,3.0
1386460556,690.00,0.1
1386460556,690.00,0.01
1386460557,690.00,0.06709396
1386460653,693.98,0.05
1386460664,690.00,17.583998
1386460684,690.00,0.02
1386460684,690.00,0.03290604
1386460684,690.00,0.01
1386460684,690.00,2.416002
1386460719,691.00,0.01
1386460748,693.30,0.79174294
1386460755,693.30,0.19
1386460756,693.30,11.01825706
1386460757,693.30,0.01
1386460785,693.29,0.5694348
1386460786,693.29,2.9305652
1386460789,693.00,0.05
1386460815,692.99,0.70206461
1386460815,693.00,0.2347174
1386460815,693.30,0.46321799
1386460824,693.00,0.01
1386460825,691.01,0.83271839
1386460825,691.00,2.0
1386460825,690.44,0.83333332
1386460825,690.00,0.01
1386460842,689.99,0.1
1386460850,689.99,0.57483435
1386460850,689.99,0.57115197
1386460853,689.99,0.24748886
1386460863,690.00,0.81431612
1386460863,689.99,0.28557599
1386460863,689.99,4.71442401
1386460866,690.00,4.80363708
1386460874,693.99,0.24171486
1386460876,694.00,3.55828514
1386460877,690.00,9.7
1386460878,690.00,0.83293652
1386460879,689.99,9.46706348
1386460900,693.97,0.5
1386460910,693.96,0.0101
1386460935,693.95,0.01
1386460945,692.00,4.57
1386460954,693.95,0.03
1386460980,693.00,0.1
1386461015,693.28,0.09636292
1386461015,693.00,0.01
1386461015,690.00,0.01
1386461059,692.00,0.01
1386461060,692.00,0.1
1386461076,691.00,1.8865
1386461076,685.01,1.0
1386461077,685.00,0.02
1386461077,685.00,0.5
1386461077,685.00,0.1
1386461077,685.00,10.0
1386461078,684.00,1.0
1386461078,683.23,3.0
1386461079,681.00,2.0
1386461079,680.00,0.5
1386461079,680.00,0.15
1386461079,680.00,0.1
1386461080,680.00,1.0
1386461080,680.00,0.15
1386461080,680.00,0.1
1386461080,680.00,2.0
1386461080,680.00,0.1
1386461083,691.00,0.1
1386461083,685.02,0.25
1386461083,679.79,2.0
1386461098,677.78,0.3339
1386461121,689.99,1.11922155
1386461121,690.00,7.63077845
1386461128,689.99,0.1
1386461144,689.98,0.1
1386461154,689.98,0.07873242
1386461154,689.99,0.02126758
1386461163,689.99,0.1
1386461180,689.99,0.01
1386461225,689.99,0.83684944
1386461225,690.00,0.1
1386461225,690.00,0.88503836
1386461246,689.99,0.01
1386461278,689.99,1.74
1386461279,690.00,24.11496164
1386461279,690.00,10.0
1386461279,690.00,10.17778936
1386461296,690.00,0.01
1386461310,690.00,2.18143219
1386461311,690.55,0.81997518
1386461312,691.99,4.18002482
1386461331,691.99,0.2
1386461340,691.99,0.29264418
1386461341,693.00,9.70735582
1386461352,693.00,1.1
1386461358,693.00,0.01
1386461366,693.00,9.18264418
1386461378,695.00,0.1
1386461379,695.00,9.9
1386461418,695.00,5.1
1386461428,688.00,0.0218
1386461428,685.02,0.0714308
1386461497,690.00,5.0
1386461497,693.01,0.1
1386461567,694.99,1.75
1386461567,695.00,3.25
1386461580,690.00,0.02
1386461636,690.01,0.80790735
1386461637,690.00,0.02
1386461637,690.00,1.5215805
1386461640,689.44,0.83333332
1386461640,688.00,0.02
1386461640,685.00,0.16332307
1386461664,689.99,0.75640138
1386461665,690.00,1.97127442
1386461686,689.44,0.02
1386461700,689.44,0.13075251
1386461700,689.45,0.86924749
1386461712,689.45,2.81924371
1386461712,690.00,0.67923773
1386461750,691.49,3.5813579
1386461750,692.00,3.8
1386461751,692.99,0.81271368
1386461751,693.00,1.80592842
1386461751,689.45,0.02
1386461751,685.01,0.81431289
1386461752,685.00,3.01176151
1386461899,692.99,0.4
1386461909,693.00,8.19407158
1386461909,692.00,0.002
1386461912,692.00,0.1
1386461920,693.00,1.04874964
1386462014,693.00,0.02
1386462021,693.00,0.02
1386462024,687.11,0.6983955
1386462052,694.98,0.5945411
1386462052,694.99,1.75
1386462052,694.99,0.72639095
1386462078,694.97,0.02
1386462086,692.00,0.2913845
1386462086,687.11,0.1153655
1386462086,687.00,0.59325
1386462089,687.00,1.02200671
1386462135,692.99,0.19881564
1386462135,692.99,0.62360905
1386462135,693.00,2.97757531
1386462135,693.00,7.02242469
1386462136,693.55,0.82470292
1386462185,692.99,0.01
1386462355,692.99,3.0
1386462382,692.99,0.01
1386462423,692.99,0.0035
1386462442,692.99,0.01
1386462446,693.00,0.123
1386462458,693.00,14.877
1386462458,693.90,5.0
1386462458,695.00,4.8076154
1386462476,692.99,0.01
1386462476,692.99,0.64
1386462476,695.00,0.123
1386462486,695.00,0.123
1386462497,695.00,0.01
1386462497,694.00,0.9595673
1386462499,694.00,0.123
1386462516,694.00,3.3674327
1386462516,695.00,0.894875
1386462525,695.00,0.722125
1386462526,695.00,0.277875
1386462535,692.99,0.01
1386462535,692.99,0.01
1386462545,692.99,0.123
1386462555,692.99,1.0
1386462558,692.99,0.02
1386462568,688.01,0.24017667
1386462585,692.99,3.837
1386462619,696.99,1.75
1386462620,696.99,1.75
1386462620,697.00,11.5
1386462629,697.00,3.5
1386462629,697.55,0.80701032
1386462629,699.00,1.0
1386462826,697.01,0.01
1386462836,699.00,2.0
1386462846,699.90,1.0
1386462846,700.00,0.1
1386462847,700.00,1.0
1386462866,701.00,0.0236
1386462875,701.00,0.1
1386462894,700.00,0.01
1386462911,700.00,0.28999999
1386462927,700.00,0.01
1386462927,697.01,0.80917924
1386462927,697.00,0.02
1386462927,697.00,0.16082076
1386462976,697.00,0.02
1386462977,697.00,0.02
1386462979,697.00,0.01
1386462986,697.00,0.05
1386462986,697.00,0.09999991
1386463060,699.00,0.05
1386463096,698.97,0.01
1386463098,698.97,0.05
1386463124,697.90,3.46316789
1386463124,697.00,0.01
1386463160,697.00,0.01
1386463197,697.00,0.05
1386463199,697.00,0.05
1386463206,697.00,0.05
1386463216,697.00,0.01
1386463237,697.00,0.1
1386463245,697.00,1.25683211
1386463247,697.86,0.1
1386463275,697.86,0.01
1386463317,697.07,0.999
1386463323,697.86,2.89
1386463331,698.00,0.11
1386463332,697.07,0.001
1386463332,699.00,0.1
1386463335,697.07,0.02
1386463357,697.01,0.81626332
1386463357,697.00,3.74316789
1386463393,696.00,0.3975052
1386463398,696.00,0.02
1386463426,692.99,0.02
1386463427,690.00,0.08
1386463430,695.99,0.1
1386463434,695.99,0.1
1386463456,695.99,0.02
1386463522,695.99,0.02
1386463524,695.99,0.51854501
1386463526,696.00,0.08145499
1386463578,695.99,0.02
1386463636,695.99,0.02
1386463702,695.97,0.02
1386463756,695.97,0.02
1386463815,695.97,0.01
1386463835,692.00,0.02
1386463845,695.97,0.02
1386463878,695.97,0.01
1386463939,695.97,0.02
1386463939,695.97,0.979
1386463939,695.97,0.03306503
1386463942,695.97,0.13
1386463999,695.97,0.1
1386464026,695.97,2.83609838
1386464054,695.99,0.1258
1386464091,695.97,0.02
1386464091,695.97,2.65223659
1386464091,695.97,0.01776341
1386464201,695.99,0.5
1386464227,695.97,0.00223659
1386464228,695.97,0.02
1386464228,695.97,0.00750341
1386464258,695.97,0.01249659
1386464258,695.97,0.02
1386464259,694.01,2.46750341
1386464304,695.99,2.3742
1386464304,696.00,1.6258
1386464321,695.98,0.06
1386464359,695.98,0.02
1386464382,694.01,0.1
1386464392,695.00,5.0
1386464392,695.00,0.1
1386464401,695.00,3.89
1386464402,695.00,1.8656
1386464402,695.00,0.725
1386464402,694.01,0.02
1386464403,694.01,2.3894
1386464403,694.01,0.04309659
1386464412,692.00,0.82499962
1386464412,691.99,0.02500038
1386464466,692.00,0.02
1386464466,692.00,0.82647441
1386464466,691.99,0.90352559
1386464486,692.00,0.81881722
1386464486,692.00,0.02
1386464486,691.99,0.16118278
1386464496,694.99,0.123
1386464503,694.99,0.5711
1386464528,691.99,1.93
1386464538,694.99,0.02363884
1386464538,695.00,0.09936116
1386464587,691.99,0.00269125
1386464587,691.99,0.01
1386464599,691.99,0.01
1386464613,690.99,0.123
1386464623,690.99,1.0
1386464636,691.00,2.0
1386464647,690.00,0.12
1386464657,690.00,0.01
1386464657,689.99,0.3
1386464661,689.99,0.123
1386464673,689.99,0.11037385
1386464674,690.00,0.08962615
1386464674,688.99,1.0
1386464699,688.00,0.5
1386464699,687.00,0.02
1386464699,685.51,0.6831338
1386464724,689.99,0.123
1386464725,689.99,0.2
1386464731,688.00,0.01
1386464731,685.01,0.49
1386464776,687.99,0.123
1386464776,687.99,0.01
1386464776,687.99,0.3
1386464782,687.99,0.123
1386464796,687.99,0.23
1386464796,687.99,0.00389381
1386464817,685.00,0.03
1386464818,685.00,0.02
1386464818,685.00,0.45
1386464818,688.00,2.0
1386464819,689.94,0.123
1386464822,688.00,0.01
1386464837,687.99,0.01
1386464840,687.99,0.14104223
1386464841,688.00,0.05895777
1386464842,688.00,0.0446
1386464858,688.00,0.01
1386464871,688.00,1.9
1386464871,686.43,0.01
1386464871,685.01,0.81058955
1386464871,685.00,3.460032
1386464871,685.00,0.03
1386464871,684.45,0.83333332
1386464872,684.00,2.0
1386464872,681.05,0.5
1386464872,681.00,20.0
1386464881,681.00,0.05
1386464891,681.00,0.123
1386464900,681.00,0.03
1386464901,681.00,1.0
1386464908,680.00,0.01
1386464908,680.00,0.2
1386464909,677.78,0.03
1386464909,676.11,0.76
1386464922,676.11,0.05904827
1386464922,676.10,1.5
1386464922,675.55,0.83333332
1386464922,675.00,0.1
1386464922,675.00,0.50761841
1386464922,675.00,0.01
1386464978,676.11,0.04
1386465017,675.00,0.1
1386465017,675.00,1.96
1386465020,671.07,0.1
1386465029,673.00,1.0
1386465029,672.00,1.0
1386465037,673.00,0.5
1386465063,675.00,0.05
1386465063,673.00,1.5
1386465073,673.00,1.55
1386465073,673.00,0.45
1386465085,671.07,0.5
1386465137,673.00,0.04
1386465137,671.07,1.4
1386465137,670.72,0.12
1386465137,670.00,1.75
1386465137,670.00,0.2
1386465141,670.00,1.55
1386465141,670.00,5.3476923
1386465149,669.00,1.0
1386465149,668.00,1.0
1386465149,668.00,1.0
1386465149,667.00,1.5
1386465163,669.00,0.05
1386465231,670.00,0.015
1386465238,670.00,5.0
1386465244,670.00,1.0
1386465251,670.00,1.0
1386465261,670.00,5.0
1386465264,670.00,0.05
1386465291,670.00,0.6
1386465298,669.00,0.05
1386465299,668.19,3.01
1386465322,670.00,0.2130108
1386465342,668.19,1.99
1386465343,668.19,0.05
1386465344,666.00,0.01
1386465344,665.71,1.0
1386465344,665.68,0.08
1386465347,670.00,3.0
1386465350,669.55,15.0
1386465388,667.06,0.05
1386465409,668.73,0.1
1386465452,670.00,1.0
1386465462,669.99,0.001
1386465462,668.73,0.05
1386465463,665.00,1.0
1386465467,670.00,30.0
1386465467,670.00,17.77231757
1386465467,669.99,2.60694955
1386465468,670.00,8.0
1386465509,670.01,0.82645463
1386465509,670.00,36.5599115
1386465509,670.00,0.04
1386465550,669.99,1.13066636
1386465550,670.00,0.36299514
1386465568,669.99,0.04
1386465570,669.99,0.15583478
1386465582,670.00,0.80592498
1386465591,670.00,0.8205554
1386465601,670.00,0.83106795
1386465609,670.00,0.81165125
1386465619,669.99,3.5
1386465620,669.99,30.0
1386465620,670.00,0.04
1386465632,669.99,0.1
1386465632,669.99,24.62343234
1386465632,669.99,1.0
1386465644,670.00,0.2976149
1386465661,670.00,1.0
1386465669,670.00,0.80970426
1386465670,670.00,0.19029574
1386465670,670.00,0.80970426
1386465670,667.00,0.19029574
1386465674,667.00,1.0
1386465677,667.00,1.0
1386465678,667.00,0.04
1386465684,667.53,0.82567536
1386465685,670.00,1.24158323
1386465698,660.76,0.8149873
1386465698,660.75,0.1850127
1386465715,660.76,0.81454261
1386465715,660.75,3.3149873
1386465715,660.75,0.37047009
1386465723,665.00,1.0262
1386465723,660.75,1.37952991
1386465724,660.75,0.62047009
1386465743,660.75,3.37952991
1386465743,660.75,0.05
1386465743,660.22,0.83333332
1386465743,660.00,100.0
1386465743,660.00,0.04
1386465744,660.00,0.5
1386465744,660.00,1.0
1386465744,660.00,2.0
1386465745,660.00,0.1
1386465745,660.00,0.01
1386465745,660.00,0.2
1386465745,660.00,1.0
1386465745,660.00,4.7263809
1386465748,660.75,1.75
1386465791,661.00,0.1
1386465809,661.00,0.25
1386465829,661.00,0.65
1386465829,661.00,0.05
1386465834,662.01,1.0
1386465859,657.00,0.2338462
1386465860,659.99,0.06
1386465872,659.99,1.0
1386465882,657.00,1.7661538
1386465882,656.47,0.83333332
1386465882,655.32,0.22
1386465882,655.19,3.5
1386465882,655.19,3.68051288
1386465892,660.00,5.0
1386465892,659.99,0.53589267
1386465892,660.00,4.46410733
1386465892,660.00,0.5
1386465901,659.99,1.0
1386466049,661.10,1.0
1386466114,664.00,0.5
1386466114,664.00,1.0
1386466114,669.97,1.7374
1386466114,669.97,0.31026966
1386466114,669.98,1.209879
1386466115,670.00,4.66078354
1386466119,670.00,0.68499591
1386466120,670.53,0.31500409
1386466162,672.99,1.7598
1386466163,673.00,0.88329659
1386466212,670.53,0.05
1386466213,666.00,4.95
1386466216,672.97,0.1
1386466216,673.00,0.9
1386466224,673.00,2.75
1386466249,673.00,4.0
1386466251,673.00,0.1
1386466284,673.00,0.04
1386466287,672.97,0.04
1386466287,672.00,0.96
1386466300,673.00,1.0
1386466307,672.00,1.04
1386466324,670.00,1.0
1386466333,670.00,1.0
1386466343,670.00,0.04
1386466352,670.00,1.0
1386466355,670.00,0.3883133
1386466363,670.00,1.0
1386466363,670.00,0.0416867
1386466363,670.00,1.43
1386466364,667.32,0.1
1386466364,666.01,0.4283133
1386466364,666.01,2.0
1386466366,666.01,0.1
1386466374,666.01,0.5
1386466376,666.01,2.2216867
1386466377,666.01,1.2159093
1386466377,666.00,6.562404
1386466387,666.01,1.75
1386466387,666.00,8.25
1386466387,666.00,4.0
1386466394,666.01,0.91299147
1386466394,666.00,12.08700853
1386466405,666.01,1.0
1386466407,666.01,0.75
1386466408,666.01,0.05
1386466408,666.00,0.2
1386466413,661.10,0.06
1386466413,659.99,0.04
1386466415,659.99,0.05
1386466415,659.99,0.05
1386466423,659.99,0.01
1386466423,659.99,0.01
1386466423,659.06,0.48
1386466425,659.06,0.25
1386466425,659.06,0.27
1386466435,662.00,13.0
1386466443,662.00,1.4
1386466443,662.00,1.7332
1386466445,662.00,20.0
1386466445,662.00,2.0
1386466453,662.00,15.0
1386466453,662.00,3.5
1386466453,662.00,5.0
1386466456,662.00,50.0
1386466467,662.00,0.06
1386466500,660.00,4.0
1386466500,656.06,1.75
1386466500,656.06,1.0
1386466500,656.00,3.5
1386466500,655.00,3.0
1386466500,655.00,5.0
1386466501,655.00,1.0
1386466501,653.00,2.0
1386466501,652.45,6.5
1386466501,652.00,2.0
1386466502,651.00,1.0
1386466502,651.00,0.5
1386466502,651.00,5.0
1386466502,650.03,3.0
1386466502,650.00,1.0
1386466503,650.00,2.0
1386466503,650.00,0.01
1386466503,650.00,0.2
1386466503,650.00,9.85
1386466503,650.00,0.1
1386466504,650.00,2.2332
1386466504,650.00,0.2
1386466504,650.00,0.1
1386466505,650.00,0.1
1386466508,659.47,0.83333332
1386466508,657.00,0.66819231
1386466529,659.99,0.1
1386466538,659.47,0.05
1386466538,657.01,0.05
1386466548,657.00,0.75
1386466574,657.00,0.58180769
1386466575,656.50,14.29511541
1386466612,656.51,0.82189593
1386466612,656.50,0.05
1386466612,656.50,0.82041177
1386466619,656.50,0.13
1386466620,656.50,9.75447282
1386466620,655.01,0.83333332
1386466620,655.00,4.0
1386466620,652.00,5.0
1386466620,652.00,5.0
1386466620,652.00,22.0
1386466622,650.00,1.31450156
1386466625,656.51,0.81293501
1386466634,656.51,0.05
1386466647,656.50,0.03
1386466655,650.00,3.0382704
1386466695,653.50,5.0
1386466697,655.58,2.43643968
1386466697,655.59,2.0
1386466697,656.30,0.3
1386466697,656.50,11.01937269
1386466697,657.00,3.0
1386466697,657.02,0.82882552
1386466697,659.00,0.1
1386466697,659.00,1.31536211
1386466714,659.00,2.0
1386466724,659.00,0.3
1386466743,659.00,3.5
1386466746,652.01,0.83279599
1386466746,652.00,8.7503352
1386466754,658.99,0.01
1386466754,658.99,1.7086
1386466755,659.00,12.83463789
1386466756,660.00,6.45676211
1386466757,660.00,13.22374739
1386466758,660.00,5.0
1386466758,660.00,0.1
1386466763,659.00,10.0
1386466804,663.00,0.4
1386466822,663.01,0.80578257
1386466877,667.88,2.5
1386466877,667.99,0.40039896
1386466877,667.99,1.75
1386466878,667.99,5.25
1386466878,668.53,0.09960104
1386466892,667.87,0.04
1386466904,670.00,10.0
1386466931,668.99,0.13
1386466939,668.99,0.05
1386466954,668.99,0.46137658
1386466955,669.00,0.07530446
1386466962,669.00,0.11
1386466962,669.00,9.81469554
1386466970,672.99,0.10090307
1386466970,673.00,0.1
1386466970,673.00,2.0
1386466971,673.99,0.17602003
1386466971,673.99,1.03879446
1386466971,675.00,0.96120554
1386466985,670.00,4.6
1386466985,670.00,5.0
1386466986,670.00,0.25
1386466991,670.00,0.05203433
1386467000,670.00,0.05
1386467001,669.01,0.82588471
1386467002,669.00,1.22833272
1386467021,670.00,0.23681602
1386467021,670.01,1.26318398
1386467029,670.01,0.39681602
1386467029,674.97,1.24933778
1386467030,669.01,0.82288475
1386467030,669.00,13.97697174
1386467032,668.01,0.82919532
1386467033,668.00,3.0
1386467033,663.01,5.0
1386467033,663.00,0.04
1386467075,674.77,0.9
1386467120,671.76,0.04
1386467159,668.01,0.81073832
1386467159,668.00,0.06
1386467159,668.00,5.0
1386467159,667.46,0.83333332
1386467170,662.45,0.4942096
1386467190,662.45,0.06
1386467191,662.45,0.94
1386467317,662.45,0.07
1386467317,662.45,0.06
1386467317,662.45,1.0657904
1386467395,662.45,0.07
1386467420,662.45,0.06
1386467448,666.99,0.025
1386467481,666.96,0.05
1386467535,666.93,0.05
1386467582,665.63,0.025
1386467599,665.63,0.05
1386467660,664.99,0.06
1386467670,664.99,1.0
1386467714,655.21,0.82652386
1386467714,655.20,1.17347614
1386467718,664.99,0.06
1386467751,664.98,0.1
1386467773,664.97,0.05
1386467795,662.99,0.7
1386467837,662.99,0.06
1386467871,663.00,0.5
1386467871,661.01,0.80839388
1386467871,661.01,0.42160612
1386467880,665.63,1.0
1386467892,665.62,0.1
1386467892,664.29,0.4
1386467892,661.06,2.0
1386467892,661.01,5.57839388
1386467900,665.01,0.05
1386467901,661.01,0.47006772
1386467930,661.00,2.0
1386467940,662.98,0.1
1386467959,659.99,0.06
1386467980,659.99,2.01802157
1386467999,662.99,0.3771841
1386468000,663.00,0.5
1386468000,663.53,0.80806334
1386468000,665.00,0.1
1386468000,665.01,0.95
1386468000,667.00,2.0
1386468041,671.00,0.1
1386468041,672.00,0.5
1386468041,672.99,1.75
1386468041,672.99,1.02253736
1386468041,672.99,1.65
1386468041,672.99,1.75
1386468041,672.99,1.75
1386468042,672.99,1.75
1386468042,673.00,6.22853134
1386468082,672.99,0.04
1386468145,672.99,0.04
1386468145,663.52,0.6765206
1386468199,672.99,0.04
1386468256,672.67,0.04
1386468322,669.90,0.04
1386468499,669.90,0.04
1386468499,669.90,0.04
1386468499,669.90,0.04
1386468500,664.56,1.23093317
1386468500,664.56,0.81171526
1386468605,667.70,0.83041463
1386468605,667.16,0.16958537
1386468629,670.88,1.67
1386468629,670.88,0.89228225
1386468629,670.90,1.02464075
1386468650,670.87,0.16248535
1386468650,670.88,0.63751465
1386468650,667.70,0.04
1386468676,670.87,0.04
1386468677,665.00,0.7
1386468755,665.00,0.05
1386468755,664.56,0.05
1386468755,663.84,0.83022374
1386468755,663.83,0.5
1386468756,663.29,0.66830626
1386468794,669.99,1.23301729
1386468794,670.00,1.76698271
1386468852,663.29,0.05
1386468853,663.00,0.06
1386468856,669.99,0.04
1386468880,669.97,0.25
1386468910,669.88,0.05
1386468910,669.89,0.19365968
1386468910,669.89,3.5
1386468910,669.90,4.75
1386468910,669.99,1.22982383
1386468910,670.00,10.73957189
1386468922,669.67,0.04
1386468961,670.00,0.19869031
1386468961,670.00,2.0
1386468961,669.69,1.8776923
1386468962,670.00,5.92361739
1386468976,670.00,0.04
1386469011,670.00,1.67
1386469027,670.00,1.75
1386469027,670.00,23.27
1386469042,670.00,0.04
1386469096,670.00,0.04
1386469162,669.99,1.0
1386469163,670.00,1.43020451
1386469164,670.88,1.45880615
1386469166,672.00,0.5
1386469179,673.00,0.674915
1386469181,674.20,0.25
1386469182,674.99,1.75
1386469184,675.00,1.93607434
1386469186,669.98,0.04
1386469224,669.98,0.04
1386469228,669.96,0.4888
1386469300,669.76,0.04
1386469318,669.76,0.02
1386469319,669.76,0.02
1386469343,669.76,1.92
1386469344,670.00,6.28
1386469350,669.76,0.04
1386469397,670.00,3.22
1386469405,670.00,0.1359
1386469418,669.76,0.04
1386469419,669.00,5.0
1386469499,670.00,0.27
1386469519,670.00,0.04
1386469540,670.00,2.0
1386469552,670.00,0.5
1386469573,669.00,0.04
1386469598,672.88,0.8
1386469599,675.00,3.2
1386469609,669.00,0.04
1386469617,674.99,2.9312
1386469617,675.00,3.0188
1386469647,674.99,0.03
1386469699,674.88,0.03
1386469764,674.88,0.03
1386469841,674.88,0.03
1386469867,674.90,0.1
1386469882,674.90,0.03
1386469945,674.79,0.02
1386470001,674.79,0.03
1386470011,674.79,5.0
1386470061,674.79,0.03
1386470123,674.79,0.03
1386470171,670.04,0.82224518
1386470172,670.00,5.0
1386470175,670.00,0.03
1386470207,669.01,0.82000696
1386470208,669.00,3.05768534
1386470352,673.99,0.2512
1386470397,673.99,0.02
1386470398,670.00,3.3630955
1386470412,669.00,0.03
1386470412,669.00,0.94231466
1386470412,669.00,0.03
1386470614,669.94,1.03329843
1386470615,669.95,3.96670157
1386470644,669.00,0.03
1386470645,669.00,0.03
1386470646,669.00,0.03
1386470647,669.00,0.04
1386470647,669.00,5.0
1386470647,669.94,0.1826427
1386470648,669.95,4.8173573
1386470651,669.95,0.1
1386470657,669.95,0.04
1386470725,669.95,0.03
1386470778,662.04,0.82070691
1386470779,662.00,0.99172759
1386471012,667.99,0.136
1386471042,667.99,0.57194254
1386471042,668.00,4.99805746
1386471157,668.99,0.10863018
1386471158,668.99,5.77136982
1386471158,667.99,0.00194254
1386471195,668.99,0.00279288
1386471204,670.00,0.82343104
1386471205,669.00,1.17656896
1386471210,669.00,5.0
1386471211,668.99,0.03720712
1386471215,668.00,9.96279288
1386471265,669.00,10.0
1386471272,668.00,5.03720712
1386471272,668.00,0.04
1386471275,669.00,50.0
1386471314,669.00,0.04
1386471333,669.00,29.0
1386471338,669.00,29.0
1386471339,669.00,1.7532
1386471347,669.00,41.29557556
1386471354,674.00,4.0
1386471377,674.00,10.3922029
1386471377,675.00,9.6077971
1386471388,674.00,0.00450156
1386471422,675.00,1.99238006
1386471422,679.99,1.72
1386471423,680.00,1.0
1386471423,680.00,1.9
1386471423,680.43,5.0
1386471423,681.49,13.38761994
1386471437,681.49,1.0
1386471437,681.49,20.0
1386471437,680.00,0.02
1386471437,675.00,0.1
1386471449,675.00,0.1
1386471452,681.48,0.3307692
1386471452,674.00,0.02549844
1386471452,669.01,0.80687208
1386471452,669.00,6.0944
1386471452,668.46,0.83333332
1386471453,667.99,0.03805746
1386471453,667.99,0.0123
1386471453,667.99,0.04
1386471468,680.00,0.22
1386471495,680.00,0.03
1386471555,679.99,0.02
1386471574,679.99,0.66395355
1386471575,680.00,3.78
1386471575,680.54,0.818222
1386471575,681.48,5.38024304
1386471575,681.49,1.89992571
1386471633,680.00,0.1
1386471633,680.00,0.02
1386471681,680.00,0.02
1386471714,680.00,0.1
1386471714,680.00,1.6
1386471733,680.00,0.1
1386471736,680.00,0.02
1386471753,675.00,0.01
1386471886,683.96,1.72
1386471886,683.97,1.0
1386471886,683.98,5.7282806
1386471894,682.85,0.0017194
1386471918,682.85,0.02
1386471967,682.85,3.0
1386471977,682.85,0.02
1386472043,681.20,0.02
1386472073,681.20,0.1
1386472100,681.00,0.02
1386472118,680.00,0.1
1386472157,680.00,0.02
1386472197,679.00,5.08
1386472197,679.00,1.8538461
1386472197,680.00,0.4553231
1386472198,681.00,1.48
1386472198,681.20,1.88
1386472198,682.50,3.5
1386472198,684.00,1.3378346
1386472198,684.00,4.0422774
1386472199,685.00,5.8157653
1386472208,685.00,24.8175
1386472228,685.00,0.02
1386472228,685.00,0.01
1386472242,685.00,0.01
1386472252,685.00,3.05
1386472254,679.00,1.5
1386472262,685.00,2.74073206
1386472283,686.00,0.005
1386472298,686.00,0.02
1386472317,685.00,12.25926794
1386472317,679.20,2.0
1386472338,685.00,0.02
1386472399,684.00,0.02
1386472459,684.00,0.02
1386472516,684.00,0.02
1386472582,684.00,0.02
1386472672,684.00,0.02
1386472707,684.00,1.4675993
1386472707,684.98,0.01
1386472710,684.00,0.25
1386472711,682.02,2.54
1386472711,682.00,5.0
1386472711,686.00,1.975
1386472711,686.71,0.025
1386472714,684.00,0.02
1386472731,682.00,1.0
1386472763,684.00,1.0
1386472775,686.71,0.4638
1386472779,685.00,10.0
1386472821,690.01,0.81230121
1386472822,690.00,1.18769879
1386472832,690.02,0.83302424
1386472832,690.00,1.16697576
1386472853,690.01,0.01
1386472853,690.01,0.80891171
1386472853,690.00,1.19108829
1386472874,690.01,0.80748196
1386472874,690.00,1.19251804
1386472900,690.25,0.06228524
1386472909,691.99,0.11436937
1386472910,692.00,0.88563063
1386472913,692.00,0.11436937
1386472952,692.00,0.01
1386472995,690.01,0.01
1386472995,690.00,2.99
1386472996,690.00,1.0
1386473069,693.91,0.1
1386473108,692.00,1.0
1386473155,692.00,0.01
1386473172,691.01,0.1
1386473305,692.00,0.7
1386473305,691.44,0.83333332
1386473353,691.02,0.4923077
1386473423,692.00,0.01
1386473478,692.00,0.01
1386473478,691.02,0.01
1386473478,691.02,1.1076923
1386473478,691.01,0.02
1386473478,691.01,0.02
1386473479,691.01,0.01
1386473479,691.00,2.0680977
1386473502,691.00,0.5
1386473502,690.00,0.0347
1386473502,690.00,0.02
1386473502,690.00,0.02
1386473570,692.99,0.75
1386473605,692.99,0.01
1386473614,691.00,0.01
1386473615,685.00,0.02
1386473675,685.00,0.02
1386473763,686.00,0.75
1386473788,686.00,0.02
1386473814,685.00,0.02
1386473814,684.00,0.02
1386473816,685.99,0.75
1386473824,685.99,0.1
1386473835,685.99,0.02
1386473898,684.00,0.02
1386473908,683.00,1.30705439
1386473909,683.01,0.69294561
1386473911,684.00,0.81863502
1386473911,683.01,0.18136498
1386473919,683.01,2.27899711
1386473919,684.00,2.72100289
1386473919,684.00,2.0
1386473975,683.91,0.82796682
1386473975,683.90,3.17203318
1386473997,684.00,0.23253283
1386473997,684.00,1.16255531
1386474021,684.00,0.60491186
1386474021,684.00,0.02
1386474021,684.00,0.1934
1386474022,683.90,0.82796682
1386474026,684.01,0.82308632
1386474100,684.01,0.02
1386474100,684.00,0.75
1386474138,683.99,0.02
1386474153,683.01,0.03
1386474153,680.00,1.04042132
1386474165,678.00,0.0621
1386474165,677.14,0.1279512
1386474176,680.00,9.73085728
1386474194,680.00,0.0231
1386474209,679.99,0.77
1386474256,679.99,0.8069
1386474259,684.00,1.23
1386474260,684.98,0.55
1386474266,677.14,3.8720488
1386474267,686.10,0.05
1386474271,686.10,0.05
1386474271,679.99,0.03
1386474315,686.10,0.02
1386474379,686.09,0.02
1386474457,683.99,0.02
1386474458,683.99,0.66808634
1386474459,684.00,0.05
1386474459,684.00,1.28191366
1386474502,684.00,0.02
1386474561,682.00,0.02
1386474612,679.45,0.1143857
1386474613,679.46,0.3856143
1386474615,679.46,0.02
1386474625,679.46,1.0
1386474658,686.10,1.23
1386474685,686.10,0.02
1386474705,685.00,2.0
1386474742,685.00,0.02
1386474795,685.00,0.02
1386474860,685.00,0.01
1386474976,684.00,0.02
1386474994,684.00,0.5
1386475031,684.00,0.1308437
1386475031,685.00,1.8691563
1386475055,685.00,0.005
1386475099,685.00,0.02
1386475125,684.00,0.02
1386475182,684.00,0.01508188
1386475282,684.00,0.00491812
1386475283,684.00,0.02
1386475284,684.00,0.02
1386475421,684.00,0.02
1386475421,684.00,0.02
1386475499,684.00,0.02
1386475519,684.00,0.02
1386475580,684.00,0.02
1386475601,684.54,0.198
1386475830,684.54,0.02
1386475830,684.54,0.02
1386475830,684.54,0.02
1386475830,684.54,0.02
1386475831,680.60,0.33
1386475880,680.00,0.02
1386475942,680.00,0.02
1386475995,679.90,0.2
1386475995,679.90,0.02
1386476073,679.90,0.02
1386476091,679.90,0.2928474
1386476115,679.99,3.0
1386476128,679.99,5.307311
1386476210,684.93,0.5
1386476240,684.93,0.01
1386476300,684.00,0.01
1386476347,680.02,0.81
1386476545,680.02,0.02
1386476545,680.02,0.02
1386476545,680.02,0.02
1386476569,680.02,0.02
1386476577,680.01,0.4767395
1386476587,679.99,0.02
1386476600,679.99,0.02
1386476621,679.99,0.01
1386476672,679.99,0.02
1386476739,683.00,0.0151
1386476759,683.00,0.08
1386476858,684.00,0.01
1386476862,686.10,1.6
1386476938,687.99,1.00307259
1386476939,688.00,9.03812741
1386476955,688.00,0.01
1386477033,688.00,0.45577249
1386477033,687.54,0.80680446
1386477033,688.00,8.73742305
1386477034,688.00,0.01
1386477044,688.00,0.005
1386477047,686.10,0.0049647
1386477050,686.10,0.0050353
1386477100,688.00,0.1
1386477111,688.00,2.39838204
1386477131,690.00,1.0
1386477142,691.19,1.0
1386477142,690.00,0.01
1386477143,690.00,0.01
1386477209,690.00,0.01
1386477210,690.00,0.4255573
1386477211,690.00,9.5744427
1386477261,690.00,0.01
1386477332,690.00,0.01
1386477347,690.00,0.1
1386477347,690.00,0.01
1386477377,690.00,0.01
1386477418,690.00,0.01
1386477433,690.00,0.01
1386477443,690.00,0.03
1386477452,690.00,1.0
1386477461,690.00,0.05
1386477501,690.00,0.04
1386477559,690.00,0.01
1386477580,690.00,0.05
1386477631,694.00,0.05
1386477722,690.00,0.01
1386477722,687.01,0.8087929
1386477723,687.01,0.02289002
1386477723,687.00,1.97710998
1386477865,689.99,0.10259389
1386477911,689.99,0.96719246
1386477912,687.01,0.01
1386477912,687.01,0.01
1386477912,687.01,0.01
1386477912,687.00,0.02289002
1386477912,686.10,0.01
1386477913,683.00,0.01
1386477913,683.00,0.01
1386477913,680.00,0.08
1386477928,680.00,0.02
1386477953,680.00,1.0
1386477969,680.00,0.0152
1386477969,680.00,2.0
1386477986,680.00,0.2
1386477987,680.00,1.5
1386477990,680.00,9.58604842
1386478009,690.00,0.6
1386478041,690.00,0.01
1386478054,690.00,1.4
1386478055,690.00,1.6
1386478086,690.00,0.005
1386478098,690.00,0.01
1386478163,690.00,0.01
1386478183,690.00,0.91575356
1386478183,690.55,0.08424644
1386478331,693.00,0.05
1386478383,690.00,0.01
1386478383,690.00,0.05
1386478383,692.00,0.05
1386478383,690.00,0.01
1386478604,693.00,0.13
1386478981,698.00,6.15
1386479001,701.00,1.0
1386479310,699.00,1.0
1386479310,700.00,4.0
1386479446,700.00,1.0
1386479447,700.00,11.0
1386479448,700.00,1.0
1386479448,701.00,1.0
1386479699,702.33,2.17927522
1386479699,702.33,7.85872478
1386479699,701.76,0.83333332
1386479699,702.34,0.82072478
1386479753,705.99,1.32794226
1386479753,706.00,1.0
1386479808,701.42,0.83333332
1386479808,701.00,1.16666668
1386479817,701.01,0.8309499
1386479817,701.00,0.1690501
1386479897,702.00,0.005
1386479898,701.01,0.82425904
1386479898,701.00,2.66428322
1386480239,700.99,2.28657126
1386480239,701.00,0.50838204
1386480239,701.56,0.2050467
1386480458,693.02,0.81364035
1386480459,693.01,1.75
1386480460,693.01,1.75
1386480460,693.01,1.75
1386480460,693.01,1.75
1386480460,693.00,1.0
1386480460,692.44,0.83333332
1386480820,701.95,0.03
1386480855,704.82,1.7444
1386480855,704.82,1.58653408
1386480855,704.89,0.5
1386480855,705.00,0.1
1386480855,705.45,0.81023862
1386480856,707.17,2.0
1386480856,708.78,0.8183348
1386480865,708.78,0.005
1386480888,708.78,1.0
1386481291,697.01,0.4648826
1386481339,697.01,0.0697872
1386481341,697.01,0.1
1386481361,701.05,0.8061
1386481462,701.04,0.12590293
1386481569,701.05,5.0
1386481569,701.61,0.80566368
1386481570,705.00,0.1
1386481570,705.50,1.0
1386481570,708.00,10.0
1386481570,708.78,0.1766652
1386481570,709.46,0.5
1386481571,709.90,1.0
1386481571,710.00,0.1
1386481662,710.00,2.0
1386481910,710.00,1.43090559
1386481910,710.00,1.0
1386482355,710.00,0.01
1386482707,704.00,2.0
1386482863,703.11,0.80849787
1386482875,703.10,0.55624362
1386482954,703.11,0.3
1386482954,703.11,0.00398938
1386482983,705.00,3.0
1386483010,705.00,1.1
1386483114,705.00,0.71470991
1386483447,703.10,0.42947864
1386483456,703.10,0.01427774
1386483463,702.00,0.11587386
1386483467,702.00,0.22047303
1386483616,703.11,0.8064649
1386483616,703.10,0.46
1386483617,702.53,0.3726248
1386483637,702.00,0.00474155
1386483697,704.46,0.98850941
1386483711,704.46,0.00149059
1386483711,702.00,0.43178406
1386483711,701.11,0.25275094
1386483758,709.99,0.11
1386483840,704.47,1.16
1386483932,701.10,0.014
1386483960,709.99,0.28331331
1386483960,710.00,0.21668669
1386483993,710.00,2.78
1386484011,710.00,0.00331331
1386484085,710.00,1.0
1386484137,705.01,0.71865516
1386484140,705.01,0.46554067
1386484140,705.01,0.11186801
1386484147,705.01,0.32431545
1386484177,710.00,1.46
1386484183,710.00,0.14569315
1386484232,711.00,1.0
1386484256,710.00,4.8241564
1386484257,710.00,0.82139943
1386484257,710.00,9.35444417
1386484257,712.55,0.15397547
1386484258,712.56,4.44518826
1386484291,710.01,0.83183293
1386484292,710.00,1.86816707
1386484295,710.00,1.0
1386484316,710.01,0.81774684
1386484316,710.00,0.18225316
1386484337,710.00,1.0
1386484380,712.55,0.5987055
1386484381,712.56,20.91306875
1386484381,713.13,0.81246844
1386484381,714.49,1.01009378
1386484382,715.00,5.44086312
1386484385,710.00,0.77148933
1386484399,717.16,0.79584152
1386484399,717.17,2.0
1386484399,717.37,2.0
1386484400,719.95,0.82769398
1386484400,719.96,1.18313471
1386484400,720.00,5.0
1386484400,720.00,0.1
1386484400,721.05,0.4888
1386484493,720.00,0.5
1386484646,729.99,1.21240511
1386484647,729.99,1.11961619
1386484667,729.99,3.7358521
1386484712,729.99,0.14453171
1386484712,730.00,0.1
1386484860,731.00,0.81347583
1386484861,731.00,1.18652417
1386484861,731.00,0.45751433
1386484969,730.99,0.10862999
1386484970,731.00,0.39137001
1386485115,731.00,0.15111566
1386485151,731.00,0.04888434
1386485171,735.00,0.25
1386485258,725.00,0.1
1386485261,721.02,1.02600344
1386485262,721.02,0.82416271
1386485263,721.00,2.80183268
1386485263,721.00,0.67046011
1386485264,721.00,1.77770721
1386485265,721.00,5.25
1386485266,721.00,14.7822474
1386485269,721.03,0.82858513
1386485269,721.02,1.17141487
1386485323,731.01,0.5
1386485351,731.00,1.9653846
1386485351,730.41,0.83333332
1386485589,721.01,1.1803544
1386485589,721.00,0.24740178
1386485617,721.00,0.09
1386485637,721.00,10.0
1386485663,721.00,0.9169231
1386485780,725.00,0.0278
1386485902,724.95,0.43726037
1386485902,725.00,2.56273963
1386485924,729.96,1.0
1386485993,730.00,0.82690354
1386485993,730.00,1.75
1386485994,729.97,0.5851902
1386485997,730.00,0.15729138
1386486093,729.27,1.0
1386486332,727.40,0.20322802
1386486377,729.27,0.4357527
1386486377,729.27,0.0431995
1386486378,729.97,0.2302189
1386486378,732.95,1.17929247
1386486378,732.96,1.75
1386486378,732.96,1.75
1386486379,732.96,0.5786995
1386486379,733.00,25.0
1386486379,734.40,7.84920696
1386486379,735.00,0.2
1386486384,735.01,0.21787635
1386486384,735.01,0.59678054
1386486384,734.41,0.47427681
1386486387,734.41,0.35631504
1386486429,735.00,0.5
1386486441,736.99,0.005
1386486488,736.99,0.51165878
1386486498,736.99,0.76271368
1386486559,737.00,0.1
1386486559,737.00,0.1
1386486579,737.00,1.0
1386486580,737.00,0.1307692
1386486592,737.00,0.5
1386486618,737.00,0.1
1386486673,737.50,1.25
1386486683,737.37,0.15
1386486694,737.37,0.6
1386486695,738.99,0.17400747
1386486696,739.00,0.5
1386486698,739.00,2.3
1386486699,739.59,0.81642164
1386486704,737.00,0.2692308
1386486705,740.00,0.1
1386486706,740.00,0.1
1386486707,740.00,0.60629619
1386486716,737.37,0.7307692
1386486789,737.37,0.2692308
1386486801,737.37,0.0007692
1386486819,737.37,1.9992308
1386486857,738.00,0.2
1386486946,738.74,0.7
1386487003,741.43,0.8231802
1386487023,741.43,0.10640807
1386487057,749.00,0.5
1386487058,749.00,0.1
1386487060,749.60,1.0
1386487062,749.84,0.1
1386487063,749.99,1.0
1386487070,750.00,3.50349076
1386487073,750.00,2.0
1386487084,750.00,4.985719
1386487086,750.00,9.84
1386487087,750.00,0.04
1386487088,750.00,2.72738665
1386487089,750.00,0.0049825
1386487109,744.69,0.83069421
1386487109,744.69,4.16930579
1386487109,741.50,0.5
1386487109,741.42,0.53
1386487112,750.00,0.2
1386487112,754.49,0.63333332
1386487188,750.00,0.1
1386487188,750.00,0.23
1386487189,750.97,0.4
1386487198,750.01,0.82394768
1386487198,750.00,4.17605232
1386487225,754.46,0.38637071
1386487225,754.49,2.36666668
1386487225,755.00,3.49469971
1386487268,745.01,0.33
1386487345,754.98,0.1064196
1386487345,754.99,1.02416466
1386487345,754.99,1.75
1386487345,755.00,4.00530029
1386487345,755.60,0.82474616
1386487346,757.10,0.4888
1386487346,760.00,10.0
1386487393,755.00,1.0
1386487473,760.00,0.38
1386487496,764.99,0.5
1386487539,764.99,1.25
1386487541,764.99,2.0
1386487542,765.00,8.5
1386487543,765.00,0.1
1386487550,770.00,2.0
1386487550,770.00,0.1
1386487595,768.81,0.1899
1386487595,768.76,0.0601
1386487645,770.00,0.25
1386487671,769.14,0.44513347
1386487681,769.14,0.3724856
1386487682,769.13,1.6275144
1386487708,769.14,0.82595273
1386487718,769.13,1.0
1386487748,769.13,0.80967977
1386487749,769.13,3.4164154
1386487751,769.13,3.77390483
1386487751,770.00,0.75
1386487893,751.10,1.0
1386487894,751.00,4.0
1386487900,752.00,5.0
1386487904,752.00,0.62818412
1386487908,751.10,0.38
1386487908,751.10,3.12
1386487908,751.00,1.87
1386487918,751.00,0.5
1386487918,751.00,17.6686
1386487920,750.00,1.02030612
1386487935,750.00,0.82562258
1386487935,750.00,0.17913505
1386487935,750.00,1.82086495
1386487936,750.00,0.17437742
1386487945,750.00,6.0
1386487955,750.00,0.15
1386488063,749.00,1.0
1386488092,751.99,1.0
1386488128,748.01,0.75
1386488189,740.00,0.18159684
1386488208,751.99,1.0
1386488211,752.00,1.0
1386488298,750.00,1.22583199
1386488334,752.00,1.3835856
1386488390,751.99,0.19794159
1386488390,753.99,0.82667326
1386488390,754.00,3.97538515
1386488464,753.99,0.73
1386488503,751.01,0.01
1386488511,751.01,0.80947668
1386488512,751.00,1.41052332
1386488539,751.01,0.8
1386488560,751.01,0.0302226
1386488583,751.00,0.13510826
1386488600,751.01,0.1
1386488647,751.00,2.45
1386488734,745.08,0.25
1386488808,749.90,8.3972393
1386488861,745.75,0.1164144
1386489008,745.56,0.001
1386489008,745.01,0.81790361
1386489009,745.00,4.18109639
1386489011,745.00,0.12658021
1386489096,745.00,1.0
1386489097,745.00,1.0
1386489100,745.00,4.0
1386489121,745.00,20.0
1386489136,745.00,26.5923234
1386489164,742.00,1.8669231
1386489182,742.00,6.6057769
1386489239,741.35,1.24
1386489239,740.75,3.76
1386489290,740.75,3.74
1386489290,740.15,0.26
1386489291,740.15,0.57333332
1386489291,735.01,1.42666668
1386489302,735.01,2.88399292
1386489302,735.00,2.0128596
1386489302,733.00,0.02025718
1386489310,733.00,2.57461485
1386489339,733.00,0.40512797
1386489341,730.00,0.11887203
1386489475,737.17,0.68112797
1386489494,737.58,0.8233051
1386489503,740.00,0.25
1386489865,737.49,0.05
1386489865,739.19,1.04998347
1386489866,739.20,2.5
1386489866,739.79,0.8258129
1386489866,739.99,2.0
1386489866,740.00,0.05
1386489866,740.00,1.0
1386489866,740.00,3.0
1386490000,742.00,0.17
1386490000,744.00,2.0
1386490125,748.91,1.75
1386490126,748.91,3.292554
1386490180,748.91,1.75132487
1386490181,748.91,0.207446
1386490182,748.92,0.04122913
1386490366,748.92,2.0
1386490391,748.92,0.45877087
1386490423,748.92,0.37
1386490431,749.00,2.0
1386490465,750.00,2.0
1386490536,750.00,0.5
1386490537,742.03,0.81910976
1386490539,742.02,0.5
1386490541,741.42,0.83333332
1386490542,741.00,5.0
1386490561,740.07,0.8304311
1386490561,740.06,0.1622365
1386490666,740.06,0.61537325
1386490667,747.99,1.54416389
1386490667,748.00,0.67973611
1386490689,747.99,0.06885957
1386490689,747.99,0.27114903
1386490689,748.00,5.32026389
1386490689,748.92,0.3633181
1386490690,749.51,0.82768658
1386490690,749.99,0.14872283
1386490731,749.99,4.85127717
1386490731,750.00,0.74872283
1386490743,750.00,0.02566202
1386490787,750.00,0.98561125
1386491435,755.99,0.3
1386491435,758.00,1.0
1386492001,764.00,2.5
1386492001,764.50,0.2247693
1386492093,761.99,0.14
1386492163,761.99,0.8246449
1386492164,761.98,0.3653551
1386492177,762.42,0.03442979
1386492182,762.42,0.01721489
1386492193,762.43,0.80376704
1386492194,762.42,2.19623296
1386492317,766.99,0.83587217
1386492317,767.61,0.8088839
1386492318,768.00,1.0
1386492318,768.24,0.35524393
1386492328,765.00,0.03728377
1386492328,765.00,0.07456753
1386492391,765.00,0.02859752
1386492633,768.24,0.5
1386492663,768.24,0.115
1386492705,770.00,1.0
1386492823,771.01,0.82649803
1386492824,771.00,8.0
1386492825,771.00,3.17350197
1386492842,769.01,0.1
1386492845,769.01,0.1
1386492852,769.01,0.1
1386492852,771.00,5.0
1386492923,771.98,0.41671716
1386492923,771.99,0.35
1386492924,772.00,2.23328284
1386492929,772.00,2.09657124
1386492944,772.00,0.67014592
1386492997,772.01,0.80558645
1386492997,772.00,0.52414281
1386492997,772.00,0.3781397
1386493008,769.01,0.5
1386493010,774.63,0.1
1386493018,769.01,0.31433335
1386493019,769.00,0.68566665
1386493019,774.63,0.62135378
1386493019,774.64,2.37864622
1386493167,773.74,0.005
1386493179,773.74,0.59459257
1386493214,773.74,0.21468576
1386493214,773.74,2.82135378
1386493214,773.75,5.0
1386493214,774.36,0.81563924
1386493214,774.65,5.0
1386493234,773.50,0.02
1386493278,774.84,0.11
1386493278,775.00,0.05
1386493327,772.55,0.14973829
1386493327,772.55,0.29947658
1386493330,772.55,0.07486914
1386493352,775.00,3.0
1386493443,776.99,0.017204
1386493477,776.99,3.0
1386493488,776.99,0.282796
1386493488,777.00,0.217204
1386493574,777.00,0.002
1386493574,777.00,0.998
1386493664,777.00,1.0
1386493675,776.99,0.65
1386493676,777.00,2.35
1386493693,780.00,1.65
1386493693,777.00,28.35
1386493713,777.00,50.0
1386493716,777.00,0.75
1386493724,777.00,0.2
1386493724,777.00,18.132796
1386493726,781.80,0.6657879
1386493726,783.00,0.3342121
1386493743,782.99,1.65
1386493743,783.00,2.35
1386493755,783.00,9.3157879
1386493772,783.49,1.0
1386493790,783.49,1.0
1386493790,783.49,1.0
1386493790,784.00,2.0
1386493792,784.00,1.19
1386493812,782.00,0.43
1386493812,784.00,0.37
1386493832,784.00,1.44
1386493832,785.00,0.56
1386493863,785.01,0.5
1386493951,788.00,4.24239025
1386493982,788.99,0.6
1386494117,785.02,0.81413881
1386494117,785.01,0.43586119
1386494136,775.01,0.82669744
1386494137,775.00,1.0
1386494138,774.38,0.83333332
1386494219,776.29,0.7
1386494228,776.29,0.3
1386494229,776.29,0.1
1386494229,776.01,0.82627021
1386494229,776.00,1.0
1386494230,775.37,0.83333332
1386494230,773.01,1.0
1386494230,769.66,0.6
1386494230,769.66,1.65
1386494230,769.66,0.4888
1386494230,769.25,1.0
1386494231,769.05,0.1
1386494231,764.00,0.5
1386494232,763.50,1.75
1386494232,763.01,1.0
1386494232,763.00,0.5
1386494233,760.75,0.97695588
1386494242,760.75,4.95
1386494242,760.75,0.6556401
1386494275,774.54,0.10557972
1386494283,774.54,1.99
1386494283,774.54,0.80293402
1386494293,774.54,0.26257381
1386494320,774.53,0.175
1386494368,766.01,0.5
1386494395,766.05,5.0
1386494395,766.02,0.8310888
1386494395,766.01,1.65
1386494395,766.00,10.0
1386494397,766.05,1.65
1386494443,770.00,2.4935515
1386494488,771.99,0.1
1386494488,771.99,0.1
1386494598,768.01,0.8
1386494598,768.01,0.02070645
1386494598,768.00,12.0241
1386494686,773.98,1.74251668
1386494686,773.99,1.0
1386494686,774.00,2.4883708
1386494686,774.55,1.25
1386494686,774.61,0.83167146
1386494705,778.55,0.213
1386494766,778.55,0.5
1386494780,778.55,0.537
1386494784,778.36,0.5
1386494856,781.55,1.25
1386494857,782.00,0.75
1386494875,783.99,0.1
1386494875,783.99,0.9
1386494878,784.55,0.1
1386494882,784.55,1.15
1386494882,786.99,1.0
1386494883,788.90,1.199118
1386494883,788.90,0.0015029
1386494907,788.90,0.4888
1386494907,789.00,0.6019378
1386494907,789.80,1.0
1386494936,789.99,0.42226901
1386494936,789.99,1.0
1386494936,790.00,10.0
1386494936,790.00,0.1
1386495246,777.03,0.7
1386495268,777.03,0.11761818
1386495268,777.01,0.38238182
1386495330,777.02,0.83284273
1386495330,777.01,0.61761818
1386495330,777.00,0.0573357
1386495330,776.39,0.83333332
1386495330,775.00,0.65887007
1386495376,778.00,0.53039007
1386495383,778.00,0.46960993
1386495406,778.00,0.05
1386495413,777.99,1.03338826
1386495416,777.99,0.62526379
1386495416,778.00,0.22007769
1386495441,775.01,0.17
1386495499,775.01,0.63
1386495535,775.01,0.00025926
1386495535,775.00,0.99974074
1386495565,775.01,0.82571146
1386495566,775.00,3.34138919
1386495566,774.38,0.83333332
1386495566,774.00,14.098
1386495601,771.22,1.25
1386495601,770.61,0.35
1386495682,769.00,0.4
1386495703,769.00,0.1
1386495707,769.00,0.1
1386495708,769.00,1.7
1386495713,769.00,0.1
1386495714,769.00,3.9513935
1386495715,763.50,0.1
1386495716,763.15,1.5
1386495716,763.01,1.0
1386495716,763.00,5.0
1386495716,763.00,0.1
1386495717,763.00,1.0
1386495717,762.22,1.25
1386495717,762.00,0.1
1386495717,762.00,0.1
1386495718,761.00,0.8
1386495718,761.00,0.1
1386495718,761.00,0.1
1386495718,760.75,2.0
1386495718,760.00,0.2
1386495719,760.00,0.2
1386495719,759.80,8.3637
1386495732,758.75,0.4986611
1386495771,760.00,0.5
1386495783,758.75,0.5013389
1386495783,758.35,2.5
1386495783,758.00,0.1
1386495877,766.98,0.3431936
1386495909,762.00,0.1
1386495946,764.70,0.1
1386495950,764.70,0.1
1386495999,764.70,1.7974908
1386496012,769.00,2.0
1386496086,769.00,0.6684163
1386496087,769.99,1.0
1386496436,773.99,0.30274053
1386496441,773.99,0.40460831
1386496817,770.00,0.5
1386496903,763.05,1.65
1386496904,763.05,0.35
1386497176,768.99,0.1
1386497178,768.99,0.1
1386497311,763.07,0.80950521
1386497311,762.44,0.19049479
1386497331,762.44,0.64283853
1386497331,761.00,0.15
1386497331,760.85,4.0
1386497332,760.01,1.0
1386497332,758.25,3.85
1386497341,760.00,10.0
1386497344,760.00,10.0
1386497396,764.39,2.95
1386497396,764.00,1.0
1386497396,758.25,3.521
1386497450,765.00,0.001
1386497688,773.98,2.93866242
1386497688,773.99,0.3484
1386497688,773.99,1.59370678
1386497694,774.00,2.0
1386498173,777.99,6.6
1386498173,778.00,12.371
1386498175,778.98,0.14038891
1386498175,778.99,0.50185648
1386498175,779.00,0.2
1386498176,779.00,4.0
1386498195,779.01,0.82706809
1386498196,778.37,0.83333332
1386498319,779.99,1.45252435
1386498320,780.00,1.0
1386498320,780.62,0.8160714
1386498377,779.55,0.1
1386498497,784.99,1.0
1386498497,785.00,0.3
1386498497,786.65,0.4888
1386498598,782.37,0.5
1386498598,782.37,0.82094524
1386498599,782.37,0.83333332
1386498796,772.01,0.81830671
1386498796,772.00,3.18169329
1386498825,772.00,0.5
1386498910,772.00,1.0
1386499167,774.90,0.1572853
1386499167,776.50,6.8427147
1386499207,778.00,3.0
1386499207,778.00,2.0
1386499388,772.16,3.0
1386499388,772.00,0.26586991
1386499388,771.54,0.73413009
1386499397,774.99,1.62754528
1386499416,774.99,0.00245472
1386499458,774.99,0.8913477
1386499458,775.00,1.1086523
1386499607,777.97,0.1
1386499609,777.97,0.0413385
1386499609,777.98,0.0586615
1386499764,769.01,0.82657558
1386499764,769.00,4.0
1386499765,768.38,0.83333332
1386499765,766.99,0.4888
1386499766,761.10,5.0
1386499766,760.01,1.0
1386499767,759.50,4.5
1386499768,758.01,1.0
1386499768,758.00,3.025
1386499769,758.00,0.6944284
1386499773,758.00,1.26662973
1386499820,759.50,0.1
1386499834,762.50,3.0
1386499899,772.01,0.81338874
1386499899,772.00,2.18661126
1386499914,772.00,5.62461284
1386499918,771.38,0.83333332
1386499919,772.00,3.0
1386499976,770.99,1.64763172
1386500018,771.00,0.2
1386500065,770.99,2.78015671
1386500065,771.00,0.78350323
1386500090,760.00,0.5
1386500090,760.00,0.5
1386500090,759.39,0.56114656
1386500137,770.99,0.44851221
1386500214,761.00,0.47039655
1386500221,770.99,0.54448378
1386500221,771.00,0.62273182
1386500423,763.10,0.1533493
1386500423,763.01,0.82121145
1386500426,763.10,0.23455895
1386500471,761.12,2.0
1386500480,762.40,0.0636
1386500480,762.40,0.20251635
1386500524,761.13,0.82048811
1386500524,761.12,0.03951189
1386500539,761.12,1.65
1386500539,761.12,0.53951851
1386500539,761.00,2.5790304
1386500542,760.51,0.83333332
1386500939,758.00,2.0
1386501003,758.00,0.80495017
1386501003,758.00,2.19156802
1386501080,758.00,0.05
1386501109,758.00,0.2
1386501110,756.99,0.8
1386501143,756.99,1.0
1386501157,756.00,0.1
1386501160,754.01,0.1
1386501192,754.01,0.95
1386501192,754.00,0.05
1386501192,755.00,0.10225064
1386501203,755.00,0.5
1386501257,754.99,2.24
1386501257,754.38,0.83333332
1386501258,752.50,1.92666668
1386501353,752.00,5.0
1386501570,753.00,1.65
1386501570,753.00,1.65
1386501570,753.00,6.7
1386501604,751.01,1.0
1386501604,750.00,4.0
1386501707,750.00,1.0
1386501762,750.00,2.93503593
1386501763,750.00,9.0
1386501781,750.00,1.0
1386501969,749.99,0.47894816
1386502018,750.02,0.82826628
1386502019,750.01,0.32173372
1386502900,762.36,0.1191077
1386502901,762.98,0.77996474
1386502914,762.99,0.00092756
1386502996,762.97,0.12264967
1386502996,762.98,9.99735033
1386503135,756.09,0.22602584
1386503550,761.86,1.89
1386503654,755.00,0.09
1386503715,762.98,0.00264967
1386503715,763.00,1.8847325
1386503715,763.61,0.813795
1386503715,764.99,1.0
1386504016,755.00,0.0008
1386504017,753.32,0.81194131
1386504017,753.31,1.33248367
1386504017,753.30,1.0
1386504017,752.69,0.57731423
1386504070,751.88,0.82948167
1386504070,751.87,1.65
1386504070,751.87,1.65
1386504070,751.87,1.65
1386504071,751.86,0.5
1386504071,751.30,1.0
1386504071,751.25,0.83333332
1386504071,751.10,6.0
1386504071,751.01,4.52105184
1386504421,750.05,0.67140899
1386504422,750.00,2.32859101
1386504697,745.00,0.751
1386504738,745.00,0.899
1386504738,745.00,1.65
1386504739,745.00,4.6641487
1386504739,742.00,1.5003927
1386504747,745.00,1.0
1386504747,742.00,3.4996073
1386504770,740.47,1.65
1386504770,740.47,1.65
1386504771,740.47,2.0
1386504771,740.00,4.6569231
1386504774,740.00,5.3430769
1386504774,740.00,4.6569231
1386504791,740.00,3.35
1386504791,740.00,1.65
1386504792,740.00,4.0
1386504874,738.00,2.0
1386504874,737.41,0.83333332
1386504878,735.00,0.1
1386504878,733.33,4.9
1386504879,733.33,3.35
1386504879,733.33,5.0
1386504879,733.00,1.65
1386504891,733.00,0.35
1386504891,732.00,1.0
1386504892,731.56,5.78
1386504892,731.40,1.25
1386504893,731.31,0.62
1386504898,730.50,10.0
1386504957,731.31,2.0
1386504957,730.00,5.0
1386504958,730.00,0.1
1386504958,730.00,1.0
1386504958,729.00,1.7240943
1386504961,729.00,5.2759057
1386504961,728.64,0.4888
1386505017,731.50,8.5
1386505020,733.00,2.1919094
1386505051,731.49,3.14522019
1386505062,731.49,0.00477981
1386505101,728.20,0.3146
1386505101,725.01,0.81149224
1386505101,725.00,0.3
1386505101,724.65,4.0
1386505101,724.42,0.83333332
1386505101,724.40,1.25
1386505101,723.00,5.0
1386505102,721.02,5.678
1386505102,720.02,1.67718984
1386505132,728.20,0.11734131
1386505132,720.03,0.81961925
1386505132,720.02,2.92765484
1386505133,720.02,5.07315532
1386505133,720.00,0.1
1386505133,720.00,0.1
1386505134,720.00,1.0
1386505136,729.99,0.003
1386505139,720.00,0.14457566
1386505146,720.00,0.07228783
1386505159,719.00,4.71
1386505162,717.40,1.25
1386505163,715.01,0.83333332
1386505163,715.00,0.1
1386505163,715.00,0.3
1386505163,720.00,0.61841679
1386505171,720.00,0.49344288
1386505177,720.00,0.24672144
1386505181,719.99,0.2454904
1386505184,719.99,0.18381004
1386505193,719.99,0.13744536
1386505193,720.00,0.38039034
1386505193,720.00,0.19019517
1386505196,719.99,1.51784588
1386505197,720.00,2.48215412
1386505197,720.00,0.09509758
1386505200,720.00,0.37478417
1386505203,711.31,0.25
1386505211,719.99,0.12096558
1386505215,719.99,0.13515739
1386505217,719.99,0.06757869
1386505225,719.99,0.16853586
1386505229,719.99,0.60743603
1386505229,720.00,0.36601209
1386505233,720.00,0.48672453
1386505240,719.99,0.20849154
1386505241,720.00,0.03487072
1386505241,712.00,1.8542837
1386505244,720.00,0.77846384
1386505245,720.00,0.44530823
1386505245,720.00,0.28888814
1386505245,720.00,0.14444407
1386505245,716.01,0.83008593
1386505245,716.00,7.51280979
1386505248,720.00,0.1998299
1386505257,719.00,0.43387963
1386505257,719.00,1.56612037
1386505257,719.99,0.70188147
1386505257,720.00,2.26299816
1386505260,720.00,0.77104042
1386505260,715.42,0.83333332
1386505260,715.00,5.0
1386505260,712.00,1.1457163
1386505261,711.31,0.78847063
1386505263,720.00,0.3849855
1386505264,711.31,0.34152937
1386505264,711.12,0.1
1386505272,720.00,0.19279364
1386505272,715.00,6.0
1386505272,710.00,1.0
1386505272,710.00,0.3
1386505273,720.00,2.0
1386505277,710.01,0.81566581
1386505277,709.43,0.83333332
1386505277,709.00,0.5
1386505279,720.00,0.63099715
1386505284,720.00,0.7167158
1386505287,720.00,0.49657026
1386505297,719.99,0.63786189
1386505313,719.99,0.57356144
1386505316,719.99,0.28810919
1386505326,719.99,0.14445632
1386505329,719.99,0.07242996
1386505337,719.99,0.47791707
1386505337,720.00,0.29278266
1386505340,720.00,0.88634535
1386505345,720.00,0.44317267
1386505348,720.00,0.86034318
1386505356,719.99,0.37828522
1386505356,720.00,0.13721734
1386505356,720.00,0.05753277
1386505359,720.00,0.69476364
1386505367,720.00,0.62644499
1386505371,720.00,0.3132225
1386505374,720.00,0.15661125
1386505381,720.00,0.49772133
1386505382,715.01,0.81573161
1386505382,715.00,0.33811459
1386505382,715.00,0.003
1386505382,720.00,0.35
1386505386,720.00,0.31861631
1386505389,720.00,0.15930816
1386505390,720.00,0.75
1386505397,719.99,0.5802668
1386505397,719.99,0.15195665
1386505397,720.00,4.84804335
1386505400,720.00,0.38864239
1386505403,720.00,0.52984743
1386505411,719.99,0.1198121
1386505411,720.00,0.14511162
1386505414,720.00,0.13280702
1386505422,720.00,0.47823149
1386505422,719.00,1.0
1386505422,715.01,0.8214117
1386505422,715.00,0.1785883
1386505422,720.00,4.52176851
1386505422,720.57,0.80588622
1386505423,730.00,3.3727139
1386505426,715.00,1.0
1386505430,737.00,0.7168359
1386505438,737.00,0.85
1386505474,737.01,0.81
1386505481,736.00,0.5
1386505492,737.01,0.00452545
1386505501,730.00,1.0
1386505552,733.90,0.1
1386505554,733.90,0.35
1386505572,726.01,0.5392818
1386505625,736.47,0.0061
1386505633,736.47,0.52991662
1386505633,736.48,0.48177401
1386505633,736.50,0.48830937
1386505668,730.01,0.83266571
1386505669,730.00,3.16733429
1386505672,730.00,2.0
1386505672,730.00,10.0
1386505751,726.01,0.80690858
1386505751,726.00,2.19309142
1386505761,733.99,1.89248042
1386505762,734.00,7.43453668
1386505765,734.00,10.0
1386505765,734.00,2.56546332
1386505773,726.01,0.82142406
1386505774,726.00,7.80690858
1386505774,725.05,1.37166736
1386505774,733.99,0.32266761
1386505789,734.00,0.83309217
1386505789,734.00,4.16690783
1386505811,734.00,1.41273044
1386505889,726.00,0.80582344
1386505889,725.41,0.83333332
1386505889,723.69,2.0
1386505889,720.00,7.16666668
1386505894,726.00,1.0
1386505904,726.00,0.5
1386505932,725.99,0.5769
1386505966,725.99,0.1
1386505976,724.50,0.15
1386505977,720.00,0.7342224
1386505980,725.99,2.11922205
1386505980,726.00,1.69417656
1386506159,736.44,0.46860487
1386506159,736.45,1.75
1386506159,736.47,3.0
1386506159,736.50,1.51169063
1386506159,737.08,0.80878926
1386506173,739.00,2.0
1386506187,739.00,0.2
1386506187,740.00,1.0
1386506187,742.35,2.5
1386506188,744.84,0.1
1386506188,745.00,3.5
1386506188,745.00,2.5661538
1386506258,741.00,1.0
1386506258,744.00,3.0
1386506278,742.04,0.82046362
1386506282,742.04,0.83333332
1386506309,742.04,0.04620306
1386506362,746.84,0.1
1386506388,746.84,0.66916054
1386506389,746.85,0.4888
1386506390,747.51,2.0
1386506391,749.85,1.0
1386506391,750.00,0.84203946
1386506421,744.41,0.81070474
1386506440,744.41,0.01
1386506448,744.41,0.05
1386506487,744.41,0.05
1386506532,736.45,0.1930314
1386506574,740.00,3.0084
1386506574,736.45,0.2769686
1386506574,735.11,0.8090896
1386506574,735.10,1.0
1386506575,731.51,1.0
1386506575,730.00,10.0
1386506578,728.18,0.4888
1386506578,725.00,1.0194
1386506578,720.15,0.3183224
1386506580,720.15,4.2085633
1386506588,720.15,0.4731143
1386506608,735.99,1.75
1386506608,736.00,3.0
1386506609,736.00,0.25
1386506622,728.00,0.0207
1386506663,730.00,0.8227585
1386506677,734.00,0.0532
1386506690,730.00,1.18462414
1386506690,730.00,1.46788266
1386506707,734.00,1.6034397
1386506736,735.00,10.0
1386506736,735.00,3.3965603
1386506750,735.50,1.75
1386506776,735.50,8.25
1386506812,726.32,1.1
1386506824,720.00,4.4380101
1386506827,720.00,0.5619899
1386506872,722.00,0.1
1386506908,726.54,0.01
1386506942,726.54,0.78402877
1386506943,726.55,3.23
1386506943,727.13,0.82746848
1386506962,723.73,0.83333332
1386506962,723.73,0.16300895
1386506964,723.73,0.00183744
1386506982,723.73,3.0084
1386506985,723.73,1.0
1386506993,723.73,5.0
1386506996,722.11,0.81598149
1386506996,722.10,5.0
1386506996,722.00,4.9
1386506997,722.00,5.0
1386506997,723.73,0.99352029
1386507049,733.99,0.14714032
1386507049,733.99,3.5
1386507050,733.99,1.75
1386507050,733.99,1.75
1386507050,734.00,2.0
1386507050,734.58,0.8136168
1386507050,734.80,25.0
1386507085,733.00,1.0
1386507093,730.00,1.0
1386507097,730.00,0.9254034
1386507098,727.32,0.0745966
1386507109,733.00,0.536075
1386507141,727.32,0.9254034
1386507141,723.75,2.0
1386507141,723.73,0.71169061
1386507193,730.97,1.0
1386507202,730.98,0.82102398
1386507203,730.97,0.17897602
1386507206,730.97,1.0
1386507222,730.97,1.0
1386507232,730.98,0.82147571
1386507233,730.97,0.05034008
1386507234,730.38,0.83333332
1386507235,730.00,0.2
1386507257,730.00,5.0
1386507294,738.97,2.08821716
1386507294,738.98,1.75
1386507294,738.98,1.75
1386507294,738.98,0.70681889
1386507294,739.00,2.0
1386507295,740.00,2.0
1386507295,742.00,3.0
1386507305,738.97,1.0
1386507313,727.00,0.1471666
1386507315,727.00,0.0028334
1386507316,725.00,1.75
1386507316,725.00,5.0
1386507316,724.42,0.83333332
1386507316,723.00,0.1
1386507316,721.00,1.6
1386507508,730.00,5.0
1386507508,729.11,0.81
1386507563,728.00,2.5581
1386507582,728.00,5.0
1386507621,728.00,1.5605
1386507632,728.00,0.37986688
1386507683,727.00,0.5
1386507684,728.00,2.75
1386507710,725.00,5.0
1386507726,724.99,0.03786315
1386507758,727.99,0.2077174
1386507828,730.00,0.04
1386507848,727.99,0.18993605
1386507848,727.99,0.04518791
1386507952,727.99,0.04748401
1386507953,727.99,0.04978011
1386507954,725.01,0.70764608
1386507974,727.00,0.09
1386508012,722.01,0.81092222
1386508012,722.00,5.0
1386508012,721.42,0.83333332
1386508013,721.10,1.28374446
1386508023,727.99,0.60005866
1386508023,728.00,19.39994134
1386508073,725.00,0.5
1386508107,726.99,1.47
1386508110,727.00,2.0
1386508110,726.99,0.00284878
1386508279,727.99,0.2324985
1386508280,728.00,2.0675015
1386508380,728.00,0.7135
1386508449,728.00,3.0
1386508458,728.00,0.81
1386508524,728.00,2.62833264
1386508535,728.00,2.0
1386508545,728.00,3.45923544
1386508566,729.00,0.5
1386508794,734.00,0.04
1386508860,729.91,0.83024995
1386508860,729.90,0.16975005
1386508976,730.00,0.1
1386509003,730.00,0.5991674
1386509010,730.00,0.0008326
1386509039,730.00,0.784
1386509068,730.00,0.0007754
1386509130,730.00,0.023492
1386509238,734.99,0.75180739
1386509239,735.00,10.0
1386509265,739.99,0.2
1386509336,740.00,4.0
1386509407,740.01,0.78316177
1386509415,743.00,0.81316256
1386509461,742.99,0.59991944
1386509461,743.00,0.20623744
1386509462,743.90,0.1
1386509462,743.99,0.81339348
1386509462,744.00,0.28044964
1386509465,744.00,1.71955036
1386509465,745.00,1.1
1386509466,745.08,1.0
1386509514,746.00,0.95
1386509618,749.00,0.04
1386509619,749.74,0.1
1386509619,749.80,0.86
1386509641,749.80,0.622
1386509676,749.80,0.1266
1386509676,749.80,0.2215
1386509743,747.01,0.57620772
1386509771,747.01,0.23954059
1386509772,747.00,5.0
1386509982,749.33,0.10106242
1386509982,749.34,4.1685
1386509982,749.35,3.0
1386509982,749.38,2.0
1386509982,749.98,0.82534228
1386509982,750.00,0.1
1386509983,750.00,1.6516579
1386510203,745.00,1.5
1386510203,745.01,0.48
1386510391,749.00,0.4
1386510418,749.00,0.6
1386510419,750.00,3.3483421
1386510934,748.55,0.81
1386510943,748.55,0.00477411
1386510943,744.00,2.3984
1386510978,736.61,0.1486882
1386511060,739.99,0.14836062
1386511060,740.00,0.18163938
1386511123,736.61,1.56750179
1386511123,736.61,1.74005808
1386511123,736.53,6.69244013
1386511123,736.53,2.5
1386511123,736.53,1.38686087
1386511123,736.02,0.81854224
1386511180,736.49,0.69584476
1386511181,736.50,2.0
1386511181,736.50,2.0
1386511181,736.58,0.8252906
1386511244,736.00,2.47
1386511442,736.00,0.9471808
1386511464,747.94,0.01
1386511680,745.00,0.1
1386511687,745.00,0.1
1386511697,745.00,0.1
1386511706,745.00,0.1
1386511716,745.00,0.1
1386512572,737.51,0.001
1386512661,735.00,0.3
1386512663,735.00,0.3
1386512674,735.00,0.3
1386512681,735.00,0.3
1386512719,735.00,0.001
1386512725,733.01,0.82
1386512742,733.01,0.00254082
1386512743,733.00,0.5
1386512743,732.41,0.83333332
1386512743,731.42,0.05
1386512743,731.42,2.21
1386512744,730.50,11.42797206
1386512757,730.50,0.00272887
1386512758,730.01,0.25
1386512771,729.99,0.7876
1386512848,729.99,0.001
1386512858,729.99,0.01499293
1386512873,729.99,0.00500707
1386512874,729.99,0.13422057
1386512891,730.00,4.0
1386512893,730.00,1.0
1386512917,730.00,0.1397
1386512977,730.00,1.0
1386512978,729.23,0.4888
1386513168,730.00,0.001
1386513212,730.00,0.001
1386513222,730.00,0.63977734
1386513223,730.00,0.31988867
1386513225,730.00,0.15994433
1386513234,730.00,0.19793965
1386513313,734.98,3.30491382
1386513313,734.99,7.0
1386513313,735.00,8.44208618
1386513316,735.00,0.001
1386513370,725.00,0.005
1386513378,725.00,0.495
1386513378,724.94,0.1
1386513428,726.00,0.001
1386513450,722.02,0.83121696
1386513450,722.01,1.75
1386513450,722.01,1.54462874
1386513524,730.00,0.001
1386513573,728.00,0.001
1386513608,729.99,0.01
1386514124,730.00,0.001
1386514124,729.00,0.001
1386514124,728.00,0.001
1386514336,732.00,1.0
1386514521,728.00,0.001
1386514521,728.00,0.001
1386514521,728.00,0.001
1386514521,727.00,0.005
1386514522,726.21,0.05
1386514522,726.00,0.005
1386514522,725.32,3.4425823
1386514522,725.31,0.80759891
1386514523,725.30,1.95800696
1386514523,725.30,0.25
1386514523,725.05,3.4425823
1386514523,725.00,2.03622953
1386514527,725.00,0.6212535
1386514527,725.00,0.01
1386514527,725.00,0.39410301
1386514597,729.00,0.3025384
1386514793,725.01,0.05
1386514796,725.01,0.05
1386514825,725.00,0.01
1386514826,725.00,0.34
1386514936,725.01,0.81328999
1386514936,725.00,2.22966746
1386514936,725.00,1.95704255
1386514953,725.00,0.04295745
1386514954,723.20,0.2
1386514954,723.15,4.35967765
1386514973,728.87,2.0
1386515092,728.86,2.08
1386515093,728.86,0.0041914
1386515821,728.87,0.005
1386515940,728.00,2.0
1386515940,728.87,5.4
1386516166,728.00,3.0
1386516194,728.00,1.0
1386516243,726.01,0.50863358
1386516243,726.00,0.34136642
1386516243,726.00,1.65863358
1386516243,725.47,1.0
1386516244,725.32,0.11
1386516244,725.00,6.5
1386516301,725.00,0.01
1386516301,724.49,0.02
1386516301,724.48,0.02
1386516315,724.48,0.08511291
1386516315,724.47,2.0
1386516315,724.40,4.0
1386516315,724.04,8.8033
1386516315,724.03,1.1117
1386516315,724.01,4.0
1386516315,724.01,9.99988709
1386516330,727.00,0.5
1386516383,724.00,0.25
1386516401,725.00,0.5
1386516460,727.00,0.6976
1386516484,724.06,3.0
1386516559,725.00,0.1
1386516605,723.00,1.5
1386516605,723.00,5.0
1386516764,722.15,2.68376642
1386516765,728.00,0.1
1386517020,725.00,0.005
1386517076,721.00,3.0335
1386517078,721.00,0.03190697
1386517083,721.00,0.01595348
1386517161,720.00,5.0
1386517162,720.00,2.2557923
1386517163,719.42,0.83333332
1386517164,717.17,2.0
1386517165,717.00,5.0
1386517166,717.00,6.43
1386517167,715.12,0.25
1386517168,715.00,4.8214117
1386517173,715.00,5.2046677
1386517174,712.82,0.12
1386517175,712.50,2.4407088
1386517181,715.00,0.1
1386517182,712.50,1.9
1386517216,720.00,0.01
1386517238,713.00,1.51487058
1386517446,720.00,1.93459303
1386517446,720.00,8.06540697
1386517457,720.00,0.57459303
1386517536,715.00,1.51487058
1386517787,720.00,1.51487058
1386517985,716.50,1.0
1386517986,716.42,0.16242748
1386517986,715.00,2.83757252
1386518061,716.42,0.01
1386518061,715.00,0.02
1386518061,715.00,0.02
1386518061,715.00,0.01
1386518071,713.00,0.04
1386518072,711.00,10.43
1386518072,710.36,1.0
1386518073,710.00,0.6316154
1386518076,710.00,0.1183846
1386518076,710.00,1.0
1386518099,713.00,1.0
1386518116,713.00,1.2
1386518146,713.00,0.01
1386518149,713.00,0.6
1386518169,711.33,0.2
1386518225,711.33,8.6578
1386518225,711.33,0.01
1386518257,711.33,0.01
1386518279,707.77,1.33
1386518287,707.77,0.67
1386518300,707.77,0.01
1386518301,705.00,0.1
1386518312,704.50,0.515
1386518365,704.50,0.01
1386518366,703.15,1.75
1386518366,703.15,1.75
1386518366,703.15,5.0
1386518370,704.99,0.02
1386518372,704.99,5.0
1386518380,704.99,10.0
1386518380,704.99,4.98
1386518390,711.00,0.05
1386518426,710.00,0.01
1386518449,708.12,0.02
1386518457,709.00,0.06050131
1386518480,709.00,0.01
1386518497,709.00,2.99
1386518497,709.00,9.93949869
1386518510,710.00,2.23
1386518528,710.00,0.1
1386518546,710.00,0.01
1386518548,710.00,0.76
1386518557,713.34,0.1
1386518602,710.00,0.01
1386518612,710.00,0.19
1386518612,713.35,0.01
1386518653,708.50,4.47281527
1386518658,708.50,0.02
1386518702,708.50,3.19936203
1386518930,709.00,0.5
1386518940,709.00,0.5
1386519076,709.00,0.02
1386519077,709.00,0.02
1386519077,709.00,0.02
1386519077,708.50,0.02
1386519077,708.50,0.02
1386519077,708.50,0.02
1386519077,708.50,0.02
1386519077,705.10,0.61
1386519101,705.10,0.02
1386519121,705.10,2.37
1386519122,705.00,1.0
1386519123,705.00,0.03
1386519124,704.52,0.1
1386519125,704.12,2.4714298
1386519128,704.12,0.5285702
1386519157,704.12,0.03
1386519158,703.00,0.5
1386519158,702.27,0.22
1386519391,703.33,0.01
1386519412,703.00,0.03
1386519413,703.00,0.03
1386519413,703.00,0.03
1386519413,703.00,0.02
1386519413,702.27,2.0
1386519413,702.05,0.89
1386519414,702.05,0.64454241
1386519414,702.00,9.35545759
1386519629,702.55,0.1
1386519648,715.00,0.5
1386519649,715.00,0.2
1386519649,716.99,1.75
1386519649,716.99,1.74877237
1386519649,717.00,2.02726437
1386519649,719.99,1.0
1386519650,720.36,0.17
1386519650,723.00,5.0
1386519651,724.98,0.5
1386519651,725.75,0.005
1386519651,726.00,0.1
1386519652,726.00,0.005
1386519652,726.99,1.08186606
1386519653,728.00,1.5632929
1386519653,728.86,1.75
1386519653,726.99,1.75
1386519654,728.87,1.9983951
1386519686,728.86,0.4133322
1386519818,720.00,0.005
1386519838,720.00,0.005
1386519858,720.00,0.005
1386519873,720.00,0.005
1386519899,720.00,0.005
1386519911,720.00,0.2
1386519914,720.00,0.01
1386519965,710.01,0.5
1386519975,719.98,0.005
1386519978,719.98,0.095
1386519979,719.99,0.2
1386519979,720.00,1.05
1386519979,720.00,4.765
1386520009,719.99,0.2
1386520027,725.74,1.75
1386520027,725.74,1.6362678
1386520027,725.75,2.0
1386520027,726.49,7.0
1386520028,726.50,2.5
1386520028,726.66,13.01
1386520029,727.00,0.3
1386520029,728.00,4.25699094
1386520029,728.00,3.5
1386520032,728.50,0.005
1386520045,728.00,4.00958746
1386520063,720.00,5.0
1386520066,720.00,1.0
1386520077,720.00,11.1111
1386520078,720.00,8.87931254
1386520081,728.00,4.01
1386520082,728.97,3.12824816
1386520127,728.97,0.1
1386520129,728.97,0.1
1386520163,725.00,0.005
1386520166,725.00,10.0
1386520183,725.00,0.005
1386520183,725.00,15.0
1386520257,721.00,1.0
1386520257,720.00,10.0
1386520260,720.00,5.0
1386520268,720.00,5.0
1386520272,719.00,0.96877135
1386520386,720.00,3.0
1386520504,720.00,0.01
1386520504,720.00,0.01
1386520518,720.00,0.01
1386520577,720.00,0.01
1386520640,720.00,0.01
1386520669,720.00,1.0
1386520669,720.00,28.99
1386520669,720.00,1.01
1386520688,720.00,3.5655597
1386520698,720.00,0.01
1386520800,719.00,0.2
1386520800,719.00,1.03122865
1386520801,719.00,0.01
1386520802,718.00,1.0
1386520803,718.00,1.0
1386520804,718.00,0.2
1386520805,716.00,1.0
1386520805,715.00,5.0
1386520805,715.00,0.55877135
1386520981,720.00,1.6
1386521039,720.00,0.5
1386521057,720.00,0.01
1386521115,720.00,0.01
1386521126,720.00,13.01
1386521148,720.00,3.0
1386521176,720.00,0.01
1386521184,719.84,0.19
1386521184,720.00,0.1866963
1386521184,721.00,2.6233037
1386521209,719.00,0.0441914
1386521247,719.00,0.4558086
1386521247,719.00,0.01
1386521400,726.82,1.0
1386521740,725.00,5.0
1386521951,727.50,1.0
1386522039,727.50,0.01
1386522039,727.50,0.05
1386522049,728.00,5.0
1386522050,728.00,5.43
1386522095,727.98,0.01
1386522153,727.98,0.01
1386522210,729.00,4.3037828
1386522210,729.00,0.9702723
1386522245,730.00,4.0
1386522427,730.00,0.1
1386522427,730.00,0.7382662
1386522427,731.50,2.0
1386522428,732.00,1.6541646
1386522551,732.80,2.54331428
1386522551,732.00,1.0
1386522602,731.00,0.1
1386522616,732.80,2.45668572
1386522616,733.00,3.0
1386522699,733.00,1.52
1386522711,733.87,0.05
1386522730,733.87,0.75
1386522753,733.87,0.2
1386522754,734.00,0.01
1386522754,734.00,2.5
1386522754,734.00,5.0
1386522793,735.65,1.5
1386522852,736.34,0.1
1386522870,736.50,1.15
1386522889,738.00,1.0
1386522910,736.34,0.1
1386522965,738.00,7.0
1386523010,739.00,3.0
1386523010,739.00,2.50230122
1386523010,739.15,2.5
1386523010,739.75,1.99769878
1386523023,739.75,0.00230122
1386523023,740.00,9.99769878
1386523033,740.00,0.00230122
1386523081,747.20,1.0
1386523082,747.46,0.4888
1386523084,747.94,0.1
1386523090,745.00,0.1
1386523197,737.00,1.0
1386523197,737.00,0.5
1386523197,736.34,1.3325236
1386523209,745.00,2.0
1386523212,745.00,0.96
1386523235,747.49,0.02
1386523520,736.34,0.5674764
1386523542,736.34,0.4925236
1386523561,734.00,2.59
1386523575,733.85,0.12
1386523671,730.34,0.1
1386523891,733.00,5.0
1386523934,733.83,0.0559
1386523981,733.83,0.5390831
1386523981,735.00,0.4609169
1386524185,732.00,1.5
1386524185,732.00,0.96
1386524185,730.01,0.2
1386524186,728.77,0.4888
1386524187,728.00,0.1
1386524255,728.00,11.0
1386524259,728.00,2.9777991
1386524269,734.98,1.0
1386524269,734.98,2.0
1386524270,735.00,1.0
1386524404,733.83,0.8587
1386524528,734.00,0.01
1386524550,734.00,0.2311214
1386524563,734.00,4.7688786
1386524564,730.23,0.0814
1386524585,730.00,20.0
1386524623,730.00,20.0
1386524631,730.00,0.02
1386524649,730.00,0.25
1386524659,730.00,0.25
1386524700,730.00,0.25
1386524704,730.00,0.75
1386524705,727.98,0.01
1386524705,727.50,0.01
1386524706,725.00,0.1
1386524707,724.02,0.7
1386524707,723.69,1.7550887
1386524711,730.00,0.25
1386524725,730.00,0.5
1386524747,723.69,0.9935702
1386524750,730.00,1.0
1386524764,730.00,0.01
1386524772,730.00,20.0
1386524785,730.00,1.0
1386524792,730.00,3.2520104
1386524839,733.00,0.25
1386524892,739.99,0.01
1386524934,723.69,1.75
1386524934,723.69,1.75
1386524935,723.69,5.8113411
1386525032,732.00,1.1997
1386525066,732.50,0.0032
1386525104,732.50,1.5168
1386525105,732.63,0.8403008
1386525157,726.56,0.1
1386525157,725.00,1.75
1386525157,725.00,1.24714106
1386525181,725.00,3.9494369
1386525288,725.00,0.51805665
1386525288,725.00,7.98194335
1386525541,725.00,0.25
1386525564,725.00,0.25
1386525632,728.00,1.2607685
1386525704,729.00,0.02
1386525739,728.52,0.4
1386525750,729.00,0.48
1386525764,729.00,0.52
1386525774,727.00,0.2
1386525919,723.01,0.5
1386526008,722.00,0.4847
1386526031,720.01,1.0
1386526032,720.00,1.5
1386526032,720.00,0.1
1386526032,722.00,0.5
1386526043,720.00,0.5
1386526147,720.00,3.55877135
1386526217,722.00,0.5
1386526217,722.00,0.5
1386526228,720.00,6.44122865
1386526228,720.00,0.01
1386526228,720.00,0.01
1386526229,720.00,0.4
1386526229,720.00,3.13877135
1386526263,720.00,1.36
1386526360,722.97,0.49
1386526400,722.97,0.0035364
1386526446,725.00,1.37
1386526447,729.96,0.9452588
1386526458,729.97,1.0153846
1386526541,722.99,0.0264675
1386526542,722.97,0.0064636
1386526569,722.97,0.075
1386526578,722.97,0.01
1386526636,722.97,0.01
1386526698,722.97,0.01
1386526722,725.00,0.1
1386526776,724.99,0.0816
1386526828,725.00,0.00122865
1386526893,725.00,0.39
1386526916,725.00,0.0966
1386526927,725.00,0.11
1386527154,725.00,0.5
1386527258,725.00,5.0
1386527304,725.00,0.0152
1386527364,725.00,30.0
1386527379,725.00,3.59
1386527478,724.99,3.1850385
1386527479,729.85,2.5
1386527479,730.00,3.9443048
1386527539,724.99,0.5
1386527629,729.19,0.01
1386527630,729.19,2.0
1386527633,729.19,2.0
1386527645,729.19,2.0
1386527678,729.19,0.7354307
1386527731,729.19,0.0045693
1386527731,729.99,0.0954307
1386528010,729.99,0.8
1386528018,729.99,0.0045693
1386528018,729.99,1.0
1386528188,731.85,0.1
1386528234,733.50,4.0
1386528234,734.90,0.05
1386528234,735.00,2.0
1386528289,735.00,0.01
1386528554,733.00,0.35
1386528791,725.00,0.01
1386528791,725.00,0.2
1386528796,724.02,0.5
1386528910,730.00,1.0
1386529014,725.00,1.0
1386529115,724.04,0.44607325
1386529115,724.04,4.55392675
1386529223,724.04,0.59817
1386529264,729.99,0.2
1386529265,732.85,1.7226507
1386529282,732.85,3.9773493
1386529283,733.00,1.0
1386529283,734.10,0.0226507
1386529324,734.10,0.1773493
1386529325,735.00,0.0226507
1386529370,735.00,0.0157577
1386529382,735.00,0.75
1386529595,730.18,0.01
1386529595,729.10,0.01
1386529714,729.10,0.01
1386530406,732.10,0.5
1386530407,729.80,1.5
1386530501,729.80,0.567
1386530546,730.13,0.002
1386530716,733.00,0.05
1386531086,732.98,1.0
1386531117,734.00,0.05
1386531162,734.50,0.2934
1386531176,731.00,0.1
1386531232,734.50,0.75
1386531308,731.00,4.4539826
1386531380,734.50,2.4566
1386531381,734.73,2.0
1386531382,735.00,5.0
1386531382,735.00,5.0
1386531382,735.00,5.0
1386531382,735.00,5.0
1386531382,735.00,5.0
1386531750,736.00,0.05
1386531750,736.80,47.0
1386531751,735.00,0.02
1386531755,735.00,0.98
1386531783,736.90,0.024
1386531853,734.67,1.0116092
1386531856,734.67,0.9883908
1386531857,734.63,0.0232184
1386531910,732.00,0.15
1386532032,732.11,0.01
1386532032,732.00,0.09
1386532085,736.00,0.9911074
1386532087,736.89,0.0205018
1386532091,732.00,0.76
1386532092,731.04,1.75
1386532093,731.00,0.2
1386532094,731.00,2.29534898
1386532127,731.00,0.40084
1386532304,736.00,0.01461081
1386532422,732.00,0.05
1386532564,730.00,1.35123753
1386532564,730.00,0.64876247
1386532689,731.66,0.5663838
1386532722,734.00,9.0
1386532723,734.00,0.05
1386532723,735.00,9.0
1386532756,736.00,9.0
1386532756,736.00,0.03538919
1386532797,736.00,1.0
1386532797,736.90,0.076
1386532798,737.00,9.0
1386532798,738.00,0.05
1386532798,738.00,1.874
